@BOOK{Stix2004,
       author = {{Stix}, Michael},
        title = "{The sun : an introduction}",
         year = "2004",
       adsurl = {https://ui.adsabs.harvard.edu/abs/2004suin.book.....S},
      adsnote = {Provided by the SAO/NASA Astrophysics Data System},
}

@BOOK{Tu1988,
       author = {涂传诒},
        title = "{日地空间物理学}",
         year = "1988",
}

@BOOK{Wang1993,
       author = {汪珍如 \& 曲钦岳},
        title = "{恒星大气物理}",
         year = "1993",
}

@book{pols2011,
  title={Stellar structure and evolution},
  author={Pols, Onno Rudolf},
  year={2011},
  publisher={Astronomical Institute Utrecht}
}

@ARTICLE{Johns-Krull1996,
       author = {{Johns-Krull}, Christopher M. and {Valenti}, Jeff A.},
        title = "{Detection of Strong Magnetic Fields on M Dwarfs}",
      journal = {\apj},
     keywords = {LINE: PROFILES, STARS: MAGNETIC FIELDS},
         year = "1996",
        month = "Mar",
       volume = {459},
        pages = {L95},
          doi = {10.1086/309954},
       adsurl = {https://ui.adsabs.harvard.edu/abs/1996ApJ...459L..95J},
      adsnote = {Provided by the SAO/NASA Astrophysics Data System}
}

@BOOK{Lin2000,
       author = {林元章},
        title = "{太阳物理导论}",
         year = "2000",
}

@ARTICLE{Masuda1994,
       author = {{Masuda}, S. and {Kosugi}, T. and {Hara}, H. and {Tsuneta}, S. and
         {Ogawara}, Y.},
        title = "{A loop-top hard X-ray source in a compact solar flare as evidence for magnetic reconnection}",
      journal = {Nature},
         year = "1994",
        month = "Oct",
       volume = {371},
       number = {6497},
        pages = {495-497},
          doi = {10.1038/371495a0},
       adsurl = {https://ui.adsabs.harvard.edu/abs/1994Natur.371..495M},
      adsnote = {Provided by the SAO/NASA Astrophysics Data System}
}

@ARTICLE{Thompson1995,
       author = {{Thompson}, D.~J. and {Bertsch}, D.~L. and {Dingus}, B.~L. and
         {Esposito}, J.~A. and {Etienne}, A. and {Fichtel}, C.~E. and {Friedland
        er}, D.~P. and {Hartman}, R.~C. and {Hunter}, S.~D. and {Kendig}, D.~J. and
         {Mattox}, J.~R. and {McDonald}, L.~M. and {von Montigny}, C. and
         {Mukherjee}, R. and {Ramanamurthy}, P.~V. and {Sreekumar}, P. and
         {Fierro}, J.~M. and {Lin}, Y.~C. and {Michelson}, P.~F. and
         {Nolan}, P.~L. and {Shriver}, S.~K. and {Willis}, T.~D. and
         {Kanbach}, G. and {Mayer-Hasselwander}, H.~A. and {Merck}, M. and
         {Radecke}, H. -D. and {Kniffen}, D.~A. and {Schneid}, E.~J.},
        title = "{The Second EGRET Catalog of High-Energy Gamma-Ray Sources}",
      journal = {\apjs},
     keywords = {CATALOGS, COSMOLOGY: DIFFUSE RADIATION, GAMMA RAYS: OBSERVATIONS, METHODS: DATA ANALYSIS},
         year = "1995",
        month = "Dec",
       volume = {101},
        pages = {259},
          doi = {10.1086/192240},
       adsurl = {https://ui.adsabs.harvard.edu/abs/1995ApJS..101..259T},
      adsnote = {Provided by the SAO/NASA Astrophysics Data System}
}

@ARTICLE{Dulk1985,
       author = {{Dulk}, G.~A.},
        title = "{Radio emission from the sun and stars.}",
      journal = {Annual Rev. Astron. Astrophys},
     keywords = {Radio Sources (Astronomy), Radio Stars, Solar Radio Emission, Stellar Radiation, Bremsstrahlung, Electron Cyclotron Heating, Flare Stars, Masers, Radio Emission, Solar Radio Bursts, Synchrotron Radiation, Astrophysics, AM Herculis Stars:Radio Radiation, Flare Stars:Radio Radiation, Radiative Transfer, Radio Radiation:AM Herculis Stars, Radio Radiation:Flare Stars, Radio Radiation:RS CVn Stars, RS CVn Stars:Radio Radiation, Solar Radio Bursts, Solar Radio Radiation},
         year = "1985",
        month = "Jan",
       volume = {23},
        pages = {169-224},
          doi = {10.1146/annurev.aa.23.090185.001125},
       adsurl = {https://ui.adsabs.harvard.edu/abs/1985ARA&A..23..169D},
      adsnote = {Provided by the SAO/NASA Astrophysics Data System}
}

@INPROCEEDINGS{Kane1974,
       author = {{Kane}, S.~R.},
        title = "{Impulsive (flash) Phase of Solar Flares: Hard X-Ray Microwave, EUV and Optical Observations}",
     keywords = {Far Ultraviolet Radiation, Light Emission, Microwave Emission, Solar Flares, Solar X-Rays, Astronomical Models, Electromagnetic Measurement, High Energy Electrons, Particle Acceleration, Solar Radio Emission, X Ray Astronomy, X Ray Spectra, Solar Physics},
    booktitle = {Coronal Disturbances},
         year = "1974",
       editor = {{Newkirk}, Gordon Allen},
       series = {IAU Symposium},
       volume = {57},
        month = "Jan",
        pages = {105},
       adsurl = {https://ui.adsabs.harvard.edu/abs/1974IAUS...57..105K},
      adsnote = {Provided by the SAO/NASA Astrophysics Data System}
}

@ARTICLE{Carmichael1964,
   author = {{Carmichael}, H.},
    title = "{A Process for Flares}",
  journal = {NASA Special Publication},
     year = 1964,
   volume = 50,
    pages = {451},
   adsurl = {http://adsabs.harvard.edu/abs/1964NASSP..50..451C},
  adsnote = {Provided by the SAO/NASA Astrophysics Data System}
}

@ARTICLE{Sturrock1966,
   author = {{Sturrock}, P.~A.},
    title = "{Model of the High-Energy Phase of Solar Flares}",
  journal = {Nature},
     year = 1966,
    month = aug,
   volume = 211,
    pages = {695-697},
      doi = {10.1038/211695a0},
   adsurl = {http://adsabs.harvard.edu/abs/1966Natur.211..695S},
  adsnote = {Provided by the SAO/NASA Astrophysics Data System}
}

@ARTICLE{Hirayama1974,
   author = {{Hirayama}, T.},
    title = "{Theoretical Model of Flares and Prominences. I: Evaporating Flare Model}",
  journal = {Soph},
     year = 1974,
    month = feb,
   volume = 34,
    pages = {323-338},
      doi = {10.1007/BF00153671},
   adsurl = {http://adsabs.harvard.edu/abs/1974SoPh...34..323H},
  adsnote = {Provided by the SAO/NASA Astrophysics Data System}
}


@ARTICLE{Kopp1976,
   author = {{Kopp}, R.~A. and {Pneuman}, G.~W.},
    title = "{Magnetic reconnection in the corona and the loop prominence phenomenon}",
  journal = {SoPh},
 keywords = {Magnetic Disturbances, Solar Corona, Solar Magnetic Field, Solar Prominences, Chromosphere, H Alpha Line, Lines Of Force, Magnetic Flux, Shock Wave Propagation, Solar Wind},
     year = 1976,
    month = oct,
   volume = 50,
    pages = {85-98},
      doi = {10.1007/BF00206193},
   adsurl = {http://adsabs.harvard.edu/abs/1976SoPh...50...85K},
  adsnote = {Provided by the SAO/NASA Astrophysics Data System}
}

@ARTICLE{Shibata2011,
       author = {{Shibata}, Kazunari and {Magara}, Tetsuya},
        title = "{Solar Flares: Magnetohydrodynamic Processes}",
      journal = {Living Reviews in Solar Physics},
     keywords = {magnetic reconnection, particle acceleration, CMEs, plasmoid ejection, MHD, flux emergence, current sheet, space weather, Flares, waves, radiation},
         year = "2011",
        month = "Dec",
       volume = {8},
       number = {1},
          eid = {6},
        pages = {6},
          doi = {10.12942/lrsp-2011-6},
       adsurl = {https://ui.adsabs.harvard.edu/abs/2011LRSP....8....6S},
      adsnote = {Provided by the SAO/NASA Astrophysics Data System}
}

@ARTICLE{Shibata1995,
       author = {{Shibata}, K. and {Masuda}, S. and {Shimojo}, M. and {Hara}, H. and
         {Yokoyama}, T. and {Tsuneta}, S. and {Kosugi}, T. and {Ogawara}, Y.},
        title = "{Hot-Plasma Ejections Associated with Compact-Loop Solar Flares}",
      journal = {\apj},
     keywords = {MAGNETOHYDRODYNAMICS: MHD, GAMMA RAYS: OBSERVATIONS, SUN: FLARES, SUN: X-RAYS, GAMMA RAYS},
         year = "1995",
        month = "Oct",
       volume = {451},
        pages = {L83},
          doi = {10.1086/309688},
       adsurl = {https://ui.adsabs.harvard.edu/abs/1995ApJ...451L..83S},
      adsnote = {Provided by the SAO/NASA Astrophysics Data System}
}

@ARTICLE{Chen2015,
       author = {{Chen}, Bin and {Bastian}, Timothy S. and {Shen}, Chengcai and
         {Gary}, Dale E. and {Krucker}, S{\"a}m and {Glesener}, Lindsay},
        title = "{Particle acceleration by a solar flare termination shock}",
      journal = {Science},
     keywords = {ASTRONOMY, PLANET SCI, Astrophysics - Solar and Stellar Astrophysics, Astrophysics - High Energy Astrophysical Phenomena},
         year = "2015",
        month = "Dec",
       volume = {350},
       number = {6265},
        pages = {1238-1242},
          doi = {10.1126/science.aac8467},
archivePrefix = {arXiv},
       eprint = {1512.02237},
 primaryClass = {astro-ph.SR},
       adsurl = {https://ui.adsabs.harvard.edu/abs/2015Sci...350.1238C},
      adsnote = {Provided by the SAO/NASA Astrophysics Data System}
}

@ARTICLE{Liu2015,
       author = {{Liu}, W. and {Heinzel}, P. and {Kleint}, L. and
         {Ka{\v{s}}parov{\'a}}, J.},
        title = "{Mg ii Lines Observed During the X-class Flare on 29 March 2014 by the Interface Region Imaging Spectrograph}",
      journal = {SoPh},
     keywords = {Flares, spectrum, dynamics, Radiative transfer, Astrophysics - Solar and Stellar Astrophysics},
         year = "2015",
        month = "Dec",
       volume = {290},
       number = {12},
        pages = {3525-3543},
          doi = {10.1007/s11207-015-0814-9},
archivePrefix = {arXiv},
       eprint = {1511.00480},
 primaryClass = {astro-ph.SR},
       adsurl = {https://ui.adsabs.harvard.edu/abs/2015SoPh..290.3525L},
      adsnote = {Provided by the SAO/NASA Astrophysics Data System}
}

@ARTICLE{Li2015,
       author = {{Li}, Y. and {Ding}, M.~D. and {Qiu}, J. and {Cheng}, J.~X.},
        title = "{Chromospheric Evaporation in an X1.0 Flare on 2014 March 29 Observed with IRIS and EIS}",
      journal = {\apj},
     keywords = {line: profiles, Sun: corona, Sun: flares, Sun: UV radiation, Astrophysics - Solar and Stellar Astrophysics},
         year = "2015",
        month = "Sep",
       volume = {811},
       number = {1},
          eid = {7},
        pages = {7},
          doi = {10.1088/0004-637X/811/1/7},
archivePrefix = {arXiv},
       eprint = {1508.03927},
 primaryClass = {astro-ph.SR},
       adsurl = {https://ui.adsabs.harvard.edu/abs/2015ApJ...811....7L},
      adsnote = {Provided by the SAO/NASA Astrophysics Data System}
}

@ARTICLE{Tian2015,
       author = {{Tian}, Hui and {Young}, Peter R. and {Reeves}, Katharine K. and
         {Chen}, Bin and {Liu}, Wei and {McKillop}, Sean},
        title = "{Temporal Evolution of Chromospheric Evaporation: Case Studies of the M1.1 Flare on 2014 September 6 and X1.6 Flare on 2014 September 10}",
      journal = {\apj},
     keywords = {line: profiles, magnetic reconnection, Sun: chromosphere, Sun: flares, Sun: transition region, Astrophysics - Solar and Stellar Astrophysics},
         year = "2015",
        month = "Oct",
       volume = {811},
       number = {2},
          eid = {139},
        pages = {139},
          doi = {10.1088/0004-637X/811/2/139},
archivePrefix = {arXiv},
       eprint = {1505.02736},
 primaryClass = {astro-ph.SR},
       adsurl = {https://ui.adsabs.harvard.edu/abs/2015ApJ...811..139T},
      adsnote = {Provided by the SAO/NASA Astrophysics Data System}
}

@ARTICLE{Tian2018,
       author = {{Tian}, H. and {Chen}, N. -H.},
        title = "{Multi-episode Chromospheric Evaporation Observed in a Solar Flare}",
      journal = {\apj},
     keywords = {line: profiles, magnetic reconnection, Sun: chromosphere, Sun: flares, Sun: transition region, Astrophysics - Solar and Stellar Astrophysics, Physics - Plasma Physics},
         year = "2018",
        month = "Mar",
       volume = {856},
       number = {1},
          eid = {34},
        pages = {34},
          doi = {10.3847/1538-4357/aab15a},
archivePrefix = {arXiv},
       eprint = {1801.04370},
 primaryClass = {astro-ph.SR},
       adsurl = {https://ui.adsabs.harvard.edu/abs/2018ApJ...856...34T},
      adsnote = {Provided by the SAO/NASA Astrophysics Data System}
}

@ARTICLE{Tei2018,
       author = {{Tei}, Akiko and {Sakaue}, Takahito and {Okamoto}, Takenori J. and
         {Kawate}, Tomoko and {Heinzel}, Petr and {UeNo}, Satoru and
         {Asai}, Ayumi and {Ichimoto}, Kiyoshi and {Shibata}, Kazunari},
        title = "{Blue-wing enhancement of the chromospheric Mg II h and k lines in a solar flare}",
      journal = {PASJ},
     keywords = {Sun: activity, Sun: chromosphere, Sun: flares, Sun: UV radiation{\textemdash} Sun: transition region, Astrophysics - Solar and Stellar Astrophysics},
         year = "2018",
        month = "Dec",
       volume = {70},
       number = {6},
          eid = {100},
        pages = {100},
          doi = {10.1093/pasj/psy047},
archivePrefix = {arXiv},
       eprint = {1803.05237},
 primaryClass = {astro-ph.SR},
       adsurl = {https://ui.adsabs.harvard.edu/abs/2018PASJ...70..100T},
      adsnote = {Provided by the SAO/NASA Astrophysics Data System}
}

@ARTICLE{Zarro1999,
   author = {{Zarro}, D.~M. and {Sterling}, A.~C. and {Thompson}, B.~J. and
	{Hudson}, H.~S. and {Nitta}, N.},
    title = "{SOHO EIT Observations of Extreme-Ultraviolet ``Dimming'' Associated with a Halo Coronal Mass Ejection}",
  journal = {\apjl},
 keywords = {SUN: CORONA, SUN: FLARES, SUN: UV RADIATION, SUN: X-RAYS, GAMMA RAYS, Sun: Corona, Sun: Flares, Sun: UV Radiation, Sun: X-Rays, Gamma Rays},
     year = 1999,
    month = aug,
   volume = 520,
    pages = {L139-L142},
      doi = {10.1086/312150},
   adsurl = {http://adsabs.harvard.edu/abs/1999ApJ...520L.139Z},
  adsnote = {Provided by the SAO/NASA Astrophysics Data System}
}

@ARTICLE{Tsuneta1997,
   author = {{Tsuneta}, S. and {Masuda}, S. and {Kosugi}, T. and {Sato}, J.
	},
    title = "{Hot and Superhot Plasmas above an Impulsive Flare Loop}",
  journal = {\apj},
 keywords = {Magnetohydrodynamics: MHD, Sun: Flares, Sun: X-Rays, Gamma Rays},
     year = 1997,
    month = mar,
   volume = 478,
    pages = {787-798},
      doi = {10.1086/303812},
   adsurl = {http://adsabs.harvard.edu/abs/1997ApJ...478..787T},
  adsnote = {Provided by the SAO/NASA Astrophysics Data System}
}

@ARTICLE{Fisher1985a,
       author = {{Fisher}, G.~H. and {Canfield}, R.~C. and {McClymont}, A.~N.},
        title = "{Flare Loop Radiative Hydrodynamics - Part Seven - Dynamics of the Thick Target Heated Chromosphere}",
      journal = {\apj},
         year = "1985",
        month = "Feb",
       volume = {289},
        pages = {434},
          doi = {10.1086/162903},
       adsurl = {https://ui.adsabs.harvard.edu/abs/1985ApJ...289..434F},
      adsnote = {Provided by the SAO/NASA Astrophysics Data System}
}

@ARTICLE{Fisher1985b,
       author = {{Fisher}, G.~H. and {Canfield}, R.~C. and {McClymont}, A.~N.},
        title = "{Flare Loop Radiative Hydrodynamics - Part Six - Chromospheric Evaporation due to Heating by Nonthermal Electrons}",
      journal = {\apj},
         year = "1985",
        month = "Feb",
       volume = {289},
        pages = {425},
          doi = {10.1086/162902},
       adsurl = {https://ui.adsabs.harvard.edu/abs/1985ApJ...289..425F},
      adsnote = {Provided by the SAO/NASA Astrophysics Data System}
}

@ARTICLE{Fisher1985c,
       author = {{Fisher}, G.~H. and {Canfield}, R.~C. and {McClymont}, A.~N.},
        title = "{Flare loop radiative hydrodynamics. V - Response to thick-target heating. VI - Chromospheric evaporation due to heating by nonthermal electrons. VII - Dynamics of the thick-target heated chromosphere}",
      journal = {\apj},
     keywords = {Chromosphere, Coronal Loops, Hydrodynamics, Radiative Transfer, Solar Atmosphere, Solar Flares, Atmospheric Heating, Computerized Simulation, Coulomb Collisions, Electron Scattering, Plasma Heating, Solar Physics, Communications and Radar},
         year = "1985",
        month = "Feb",
       volume = {289},
        pages = {414-441},
          doi = {10.1086/162901},
       adsurl = {https://ui.adsabs.harvard.edu/abs/1985ApJ...289..414F},
      adsnote = {Provided by the SAO/NASA Astrophysics Data System}
}



@ARTICLE{Milligan2006a,
       author = {{Milligan}, Ryan O. and {Gallagher}, Peter T. and
         {Mathioudakis}, Mihalis and {Bloomfield}, D. Shaun and
         {Keenan}, Francis P. and {Schwartz}, Richard A.},
        title = "{RHESSI and SOHO CDS Observations of Explosive Chromospheric Evaporation}",
      journal = {\apj},
     keywords = {Sun: Atmospheric Motions, Sun: Flares, Sun: UV Radiation, Sun: X-Rays, Gamma Rays, Astrophysics},
         year = "2006",
        month = "Feb",
       volume = {638},
       number = {2},
        pages = {L117-L120},
          doi = {10.1086/500555},
archivePrefix = {arXiv},
       eprint = {astro-ph/0509664},
 primaryClass = {astro-ph},
       adsurl = {https://ui.adsabs.harvard.edu/abs/2006ApJ...638L.117M},
      adsnote = {Provided by the SAO/NASA Astrophysics Data System}
}

@ARTICLE{Milligan2006b,
       author = {{Milligan}, Ryan O. and {Gallagher}, Peter T. and
         {Mathioudakis}, Mihalis and {Keenan}, Francis P.},
        title = "{Observational Evidence of Gentle Chromospheric Evaporation during the Impulsive Phase of a Solar Flare}",
      journal = {\apj},
     keywords = {Sun: Atmospheric Motions, Sun: Flares, Sun: UV Radiation, Sun: X-Rays, Gamma Rays, Astrophysics},
         year = "2006",
        month = "May",
       volume = {642},
       number = {2},
        pages = {L169-L171},
          doi = {10.1086/504592},
archivePrefix = {arXiv},
       eprint = {astro-ph/0603652},
 primaryClass = {astro-ph},
       adsurl = {https://ui.adsabs.harvard.edu/abs/2006ApJ...642L.169M},
      adsnote = {Provided by the SAO/NASA Astrophysics Data System}
}



@ARTICLE{Hudson2001,
   author = {{Hudson}, H.~S. and {Kosugi}, T. and {Nitta}, N.~V. and {Shimojo}, M.
	},
    title = "{Hard X-Radiation from a Fast Coronal Ejection}",
  journal = {\apjl},
 keywords = {Sun: Corona, Sun: Flares, Sun: X-Rays, Gamma Rays},
     year = 2001,
    month = nov,
   volume = 561,
    pages = {L211-L214},
      doi = {10.1086/324760},
   adsurl = {http://adsabs.harvard.edu/abs/2001ApJ...561L.211H},
  adsnote = {Provided by the SAO/NASA Astrophysics Data System}
}

@ARTICLE{Tomczak2001,
   author = {{Tomczak}, M.},
    title = "{The analysis of hard X-ray radiation of flares with occulted footpoints}",
  journal = {\aap},
 keywords = {SUN: CORONA, FLARES, X-RAYS, GAMMA-RAYS},
     year = 2001,
    month = jan,
   volume = 366,
    pages = {294-305},
      doi = {10.1051/0004-6361:20000204},
   adsurl = {http://adsabs.harvard.edu/abs/2001A%26A...366..294T},
  adsnote = {Provided by the SAO/NASA Astrophysics Data System}
}

@ARTICLE{Krucker2007,
   author = {{Krucker}, S. and {Hannah}, I.~G. and {Lin}, R.~P.},
    title = "{RHESSI and Hinode X-Ray Observations of a Partially Occulted Solar Flare}",
  journal = {\apjl},
 keywords = {Sun: Flares, Sun: Particle Emission, Sun: X-Rays, Gamma Rays},
     year = 2007,
    month = dec,
   volume = 671,
    pages = {L193-L196},
      doi = {10.1086/525019},
   adsurl = {http://adsabs.harvard.edu/abs/2007ApJ...671L.193K},
  adsnote = {Provided by the SAO/NASA Astrophysics Data System}
}

@ARTICLE{Wang2012,
   author = {{Wang}, H. and {Liu}, C.},
    title = "{Circular Ribbon Flares and Homologous Jets}",
  journal = {\apj},
archivePrefix = "arXiv",
   eprint = {1207.7345},
 primaryClass = "astro-ph.SR",
 keywords = {Sun: activity, Sun: flares, Sun: magnetic topology},
     year = 2012,
    month = dec,
   volume = 760,
      eid = {101},
    pages = {101},
      doi = {10.1088/0004-637X/760/2/101},
   adsurl = {http://adsabs.harvard.edu/abs/2012ApJ...760..101W},
  adsnote = {Provided by the SAO/NASA Astrophysics Data System}
}

@ARTICLE{Sun2013,
   author = {{Sun}, X. and {Hoeksema}, J.~T. and {Liu}, Y. and {Aulanier}, G. and
	{Su}, Y. and {Hannah}, I.~G. and {Hock}, R.~A.},
    title = "{Hot Spine Loops and the Nature of a Late-phase Solar Flare}",
  journal = {\apj},
archivePrefix = "arXiv",
   eprint = {1310.1438},
 primaryClass = "astro-ph.SR",
 keywords = {Sun: activity, Sun: corona, Sun: flares, Sun: magnetic fields, Sun: UV radiation },
     year = 2013,
    month = dec,
   volume = 778,
      eid = {139},
    pages = {139},
      doi = {10.1088/0004-637X/778/2/139},
   adsurl = {http://adsabs.harvard.edu/abs/2013ApJ...778..139S},
  adsnote = {Provided by the SAO/NASA Astrophysics Data System}
}

@ARTICLE{Chandra2009,
   author = {{Chandra}, R. and {Schmieder}, B. and {Aulanier}, G. and {Malherbe}, J.~M.
	},
    title = "{Evidence of Magnetic Helicity in Emerging Flux and Associated Flare}",
  journal = {SoPh},
archivePrefix = "arXiv",
   eprint = {0906.1210},
 primaryClass = "astro-ph.SR",
 keywords = {Flares, Magnetic reconnection, Helicity, Magnetic field},
     year = 2009,
    month = aug,
   volume = 258,
    pages = {53-67},
      doi = {10.1007/s11207-009-9392-z},
   adsurl = {http://adsabs.harvard.edu/abs/2009SoPh..258...53C},
  adsnote = {Provided by the SAO/NASA Astrophysics Data System}
}

@ARTICLE{Liu2016,
   author = {{Liu}, R. and {Chen}, J. and {Wang}, Y. and {Liu}, K.},
    title = "{Investigating Energetic X-Shaped Flares on the Outskirts of A Solar Active Region}",
  journal = {Scientific Reports},
archivePrefix = "arXiv",
   eprint = {1609.02713},
 primaryClass = "astro-ph.SR",
     year = 2016,
    month = sep,
   volume = 6,
      eid = {34021},
    pages = {34021},
      doi = {10.1038/srep34021},
   adsurl = {http://adsabs.harvard.edu/abs/2016NatSR...634021L},
  adsnote = {Provided by the SAO/NASA Astrophysics Data System}
}

@ARTICLE{Janvier2013,
       author = {{Janvier}, M. and {Aulanier}, G. and {Pariat}, E. and {D{\'e}moulin}, P.},
        title = "{The standard flare model in three dimensions. III. Slip-running reconnection properties}",
      journal = {\aap},
     keywords = {magnetic reconnection, magnetohydrodynamics (MHD), Sun: coronal mass ejections (CMEs), Sun: flares, Sun: magnetic topology, Astrophysics - Solar and Stellar Astrophysics},
         year = "2013",
        month = "Jul",
       volume = {555},
          eid = {A77},
        pages = {A77},
          doi = {10.1051/0004-6361/201321164},
archivePrefix = {arXiv},
       eprint = {1305.4053},
 primaryClass = {astro-ph.SR},
       adsurl = {https://ui.adsabs.harvard.edu/abs/2013A&A...555A..77J},
      adsnote = {Provided by the SAO/NASA Astrophysics Data System}
}

@ARTICLE{Janvier2014,
   author = {{Janvier}, M. and {Aulanier}, G. and {Bommier}, V. and {Schmieder}, B. and
	{D{\'e}moulin}, P. and {Pariat}, E.},
    title = "{Electric Currents in Flare Ribbons: Observations and Three-dimensional Standard Model}",
  journal = {\apj},
archivePrefix = "arXiv",
   eprint = {1402.2010},
 primaryClass = "astro-ph.SR",
 keywords = {magnetohydrodynamics: MHD, Sun: flares, Sun: photosphere, Sun: UV radiation},
     year = 2014,
    month = jun,
   volume = 788,
      eid = {60},
    pages = {60},
      doi = {10.1088/0004-637X/788/1/60},
   adsurl = {http://adsabs.harvard.edu/abs/2014ApJ...788...60J},
  adsnote = {Provided by the SAO/NASA Astrophysics Data System}
}

@ARTICLE{Ellerman1917,
       author = {{Ellerman}, Ferdinand},
        title = "{Solar Hydrogen ``bombs''}",
      journal = {\apj},
         year = "1917",
        month = "Nov",
       volume = {46},
        pages = {298},
          doi = {10.1086/142366},
       adsurl = {https://ui.adsabs.harvard.edu/abs/1917ApJ....46..298E},
      adsnote = {Provided by the SAO/NASA Astrophysics Data System}
}

@ARTICLE{Pariat2007,
       author = {{Pariat}, E. and {Schmieder}, B. and {Berlicki}, A. and {Deng}, Y. and
         {Mein}, N. and {L{\'o}pez Ariste}, A. and {Wang}, S.},
        title = "{Spectrophotometric analysis of Ellerman bombs in the Ca II, H{\ensuremath{\alpha}}, and UV range}",
      journal = {\aap},
     keywords = {Sun: magnetic fields, Sun: photosphere, Sun: chromosphere, line: profiles},
         year = "2007",
        month = "Oct",
       volume = {473},
       number = {1},
        pages = {279-289},
          doi = {10.1051/0004-6361:20067011},
       adsurl = {https://ui.adsabs.harvard.edu/abs/2007A&A...473..279P},
      adsnote = {Provided by the SAO/NASA Astrophysics Data System}
}

@ARTICLE{Hong2017a,
       author = {{Hong}, Jie and {Ding}, M.~D. and {Cao}, Wenda},
        title = "{Multi-wavelength Spectral Analysis of Ellerman Bombs Observed by FISS and IRIS}",
      journal = {\apj},
     keywords = {line: profiles, radiative transfer, Sun: activity, Sun: atmosphere, Astrophysics - Solar and Stellar Astrophysics},
         year = "2017",
        month = "Apr",
       volume = {838},
       number = {2},
          eid = {101},
        pages = {101},
          doi = {10.3847/1538-4357/aa671e},
archivePrefix = {arXiv},
       eprint = {1703.04268},
 primaryClass = {astro-ph.SR},
       adsurl = {https://ui.adsabs.harvard.edu/abs/2017ApJ...838..101H},
      adsnote = {Provided by the SAO/NASA Astrophysics Data System}
}

@ARTICLE{Georgoulis2002,
       author = {{Georgoulis}, Manolis K. and {Rust}, David M. and
         {Bernasconi}, Pietro N. and {Schmieder}, Brigitte},
        title = "{Statistics, Morphology, and Energetics of Ellerman Bombs}",
      journal = {\apj},
     keywords = {Sun: Chromosphere, Sun: Flares, Sun: Magnetic Fields, Sun: Photosphere, Sun: UV Radiation},
         year = "2002",
        month = "Aug",
       volume = {575},
       number = {1},
        pages = {506-528},
          doi = {10.1086/341195},
       adsurl = {https://ui.adsabs.harvard.edu/abs/2002ApJ...575..506G},
      adsnote = {Provided by the SAO/NASA Astrophysics Data System}
}

@ARTICLE{Fang2006,
       author = {{Fang}, C. and {Tang}, Y.~H. and {Xu}, Z. and {Ding}, M.~D. and
         {Chen}, P.~F.},
        title = "{Spectral Analysis of Ellerman Bombs}",
      journal = {\apj},
     keywords = {Sun: Chromosphere},
         year = "2006",
        month = "Jun",
       volume = {643},
       number = {2},
        pages = {1325-1336},
          doi = {10.1086/501342},
       adsurl = {https://ui.adsabs.harvard.edu/abs/2006ApJ...643.1325F},
      adsnote = {Provided by the SAO/NASA Astrophysics Data System}
}

@ARTICLE{Watanabe2008,
       author = {{Watanabe}, H. and {Kitai}, R. and {Okamoto}, K. and {Nishida}, K. and
         {Kiyohara}, J. and {Ueno}, S. and {Hagino}, M. and {Ishii}, T.~T. and
         {Shibata}, K.},
        title = "{Spectropolarimetric Observation of an Emerging Flux Region: Triggering Mechanisms of Ellerman Bombs}",
      journal = {\apj},
     keywords = {Sun: chromosphere, Sun: magnetic fields, sunspots, techniques: spectroscopic, Astrophysics},
         year = "2008",
        month = "Sep",
       volume = {684},
       number = {1},
        pages = {736-746},
          doi = {10.1086/590234},
archivePrefix = {arXiv},
       eprint = {0805.4266},
 primaryClass = {astro-ph},
       adsurl = {https://ui.adsabs.harvard.edu/abs/2008ApJ...684..736W},
      adsnote = {Provided by the SAO/NASA Astrophysics Data System}
}

@ARTICLE{Nelson2015,
       author = {{Nelson}, C.~J. and {Scullion}, E.~M. and {Doyle}, J.~G. and
         {Freij}, N. and {Erd{\'e}lyi}, R.},
        title = "{Small-scale Structuring of Ellerman Bombs at the Solar Limb}",
      journal = {\apj},
     keywords = {Sun: chromosphere, Sun: magnetic fields, Sun: photosphere, Astrophysics - Solar and Stellar Astrophysics},
         year = "2015",
        month = "Jan",
       volume = {798},
       number = {1},
          eid = {19},
        pages = {19},
          doi = {10.1088/0004-637X/798/1/19},
archivePrefix = {arXiv},
       eprint = {1410.5715},
 primaryClass = {astro-ph.SR},
       adsurl = {https://ui.adsabs.harvard.edu/abs/2015ApJ...798...19N},
      adsnote = {Provided by the SAO/NASA Astrophysics Data System}
}

@ARTICLE{Nelson2013,
       author = {{Nelson}, C.~J. and {Doyle}, J.~G. and {Erd{\'e}lyi}, R. and
         {Huang}, Z. and {Madjarska}, M.~S. and {Mathioudakis}, M. and
         {Mumford}, S.~J. and {Reardon}, K.},
        title = "{Statistical Analysis of Small Ellerman Bomb Events}",
      journal = {SoPh},
     keywords = {Active regions, Magnetic fields, Photosphere-sunspots, Penumbra, Astrophysics - Solar and Stellar Astrophysics},
         year = "2013",
        month = "Apr",
       volume = {283},
       number = {2},
        pages = {307-323},
          doi = {10.1007/s11207-012-0222-3},
archivePrefix = {arXiv},
       eprint = {1301.1351},
 primaryClass = {astro-ph.SR},
       adsurl = {https://ui.adsabs.harvard.edu/abs/2013SoPh..283..307N},
      adsnote = {Provided by the SAO/NASA Astrophysics Data System}
}

@ARTICLE{Nelson2017,
       author = {{Nelson}, C.~J. and {Freij}, N. and {Reid}, A. and {Oliver}, R. and
         {Mathioudakis}, M. and {Erd{\'e}lyi}, R.},
        title = "{IRIS Burst Spectra Co-spatial to a Quiet-Sun Ellerman-like Brightening}",
      journal = {\apj},
     keywords = {Sun: atmosphere, Sun: chromosphere, Sun: magnetic fields, Sun: photosphere, Astrophysics - Solar and Stellar Astrophysics},
         year = "2017",
        month = "Aug",
       volume = {845},
       number = {1},
          eid = {16},
        pages = {16},
          doi = {10.3847/1538-4357/aa7e7a},
archivePrefix = {arXiv},
       eprint = {1707.05080},
 primaryClass = {astro-ph.SR},
       adsurl = {https://ui.adsabs.harvard.edu/abs/2017ApJ...845...16N},
      adsnote = {Provided by the SAO/NASA Astrophysics Data System}
}



@ARTICLE{Vissers2015,
       author = {{Vissers}, G.~J.~M. and {Rouppe van der Voort}, L.~H.~M. and
         {Rutten}, R.~J. and {Carlsson}, M. and {De Pontieu}, B.},
        title = "{Ellerman Bombs at High Resolution. III. Simultaneous Observations with IRIS and SST}",
      journal = {\apj},
     keywords = {Sun: activity, Sun: atmosphere, Sun: magnetic fields, Astrophysics - Solar and Stellar Astrophysics},
         year = "2015",
        month = "Oct",
       volume = {812},
       number = {1},
          eid = {11},
        pages = {11},
          doi = {10.1088/0004-637X/812/1/11},
archivePrefix = {arXiv},
       eprint = {1507.00435},
 primaryClass = {astro-ph.SR},
       adsurl = {https://ui.adsabs.harvard.edu/abs/2015ApJ...812...11V},
      adsnote = {Provided by the SAO/NASA Astrophysics Data System}
}



@ARTICLE{Yang2003,
       author = {{Yang}, G. and {Xu}, Y. and {Wang}, H. and {Denker}, C.},
        title = "{High Spatial Resolution Observations of Pores and the Formation of a Rudimentary Penumbra}",
      journal = {\apj},
     keywords = {Sun: Activity, Sun: Magnetic Fields, Sun: Sunspots, Techniques: High Anular Resolution},
         year = "2003",
        month = "Nov",
       volume = {597},
       number = {2},
        pages = {1190-1199},
          doi = {10.1086/377128},
       adsurl = {https://ui.adsabs.harvard.edu/abs/2003ApJ...597.1190Y},
      adsnote = {Provided by the SAO/NASA Astrophysics Data System}
}

@ARTICLE{Rouppe2016,
       author = {{Rouppe van der Voort}, Luc H.~M. and {Rutten}, Robert J. and
         {Vissers}, Gregal J.~M.},
        title = "{Reconnection brightenings in the quiet solar photosphere}",
      journal = {\aap},
     keywords = {Sun: photosphere, Sun: chromosphere, Sun: magnetic fields, Sun: faculae, plages, Sun: activity, Astrophysics - Solar and Stellar Astrophysics},
         year = "2016",
        month = "Aug",
       volume = {592},
          eid = {A100},
        pages = {A100},
          doi = {10.1051/0004-6361/201628889},
archivePrefix = {arXiv},
       eprint = {1606.03675},
 primaryClass = {astro-ph.SR},
       adsurl = {https://ui.adsabs.harvard.edu/abs/2016A&A...592A.100R},
      adsnote = {Provided by the SAO/NASA Astrophysics Data System}
}

@ARTICLE{Ni2016,
       author = {{Ni}, Lei and {Lin}, Jun and {Roussev}, Ilia I. and
         {Schmieder}, Brigitte},
        title = "{Heating Mechanisms in the Low Solar Atmosphere through Magnetic Reconnection in Current Sheets}",
      journal = {\apj},
     keywords = {magnetic reconnection, magnetohydrodynamics: MHD, shock waves, Sun: chromosphere, Astrophysics - Solar and Stellar Astrophysics},
         year = "2016",
        month = "Dec",
       volume = {832},
       number = {2},
          eid = {195},
        pages = {195},
          doi = {10.3847/0004-637X/832/2/195},
archivePrefix = {arXiv},
       eprint = {1611.01746},
 primaryClass = {astro-ph.SR},
       adsurl = {https://ui.adsabs.harvard.edu/abs/2016ApJ...832..195N},
      adsnote = {Provided by the SAO/NASA Astrophysics Data System}
}

@ARTICLE{Reid2015,
       author = {{Reid}, A. and {Mathioudakis}, M. and {Scullion}, E. and {Doyle}, J.~G. and
         {Shelyag}, S. and {Gallagher}, P.},
        title = "{Ellerman Bombs with Jets: Cause and Effect}",
      journal = {\apj},
     keywords = {magnetic reconnection, magnetohydrodynamics: MHD, Sun: atmosphere, Sun: magnetic fields, Sun: photosphere, Astrophysics - Solar and Stellar Astrophysics},
         year = "2015",
        month = "May",
       volume = {805},
       number = {1},
          eid = {64},
        pages = {64},
          doi = {10.1088/0004-637X/805/1/64},
archivePrefix = {arXiv},
       eprint = {1503.05359},
 primaryClass = {astro-ph.SR},
       adsurl = {https://ui.adsabs.harvard.edu/abs/2015ApJ...805...64R},
      adsnote = {Provided by the SAO/NASA Astrophysics Data System}
}

@ARTICLE{Hong2017b,
       author = {{Hong}, Jie and {Carlsson}, Mats and {Ding}, M.~D.},
        title = "{RADYN Simulations of Non-thermal and Thermal Models of Ellerman Bombs}",
      journal = {\apj},
     keywords = {line: profiles, radiative transfer, Sun: activity, Sun: atmosphere, Astrophysics - Solar and Stellar Astrophysics},
         year = "2017",
        month = "Aug",
       volume = {845},
       number = {2},
          eid = {144},
        pages = {144},
          doi = {10.3847/1538-4357/aa80e3},
archivePrefix = {arXiv},
       eprint = {1707.05514},
 primaryClass = {astro-ph.SR},
       adsurl = {https://ui.adsabs.harvard.edu/abs/2017ApJ...845..144H},
      adsnote = {Provided by the SAO/NASA Astrophysics Data System}
}

@ARTICLE{Danilovic2017,
       author = {{Danilovic}, S.},
        title = "{Simulating Ellerman bomb-like events}",
      journal = {\aap},
     keywords = {Sun: magnetic fields, Sun: photosphere, Astrophysics - Solar and Stellar Astrophysics},
         year = "2017",
        month = "May",
       volume = {601},
          eid = {A122},
        pages = {A122},
          doi = {10.1051/0004-6361/201730403},
archivePrefix = {arXiv},
       eprint = {1701.02112},
 primaryClass = {astro-ph.SR},
       adsurl = {https://ui.adsabs.harvard.edu/abs/2017A&A...601A.122D},
      adsnote = {Provided by the SAO/NASA Astrophysics Data System}
}

@ARTICLE{Hansteen2017,
       author = {{Hansteen}, V.~H. and {Archontis}, V. and {Pereira}, T.~M.~D. and
         {Carlsson}, M. and {Rouppe van der Voort}, L. and {Leenaarts}, J.},
        title = "{Bombs and Flares at the Surface and Lower Atmosphere of the Sun}",
      journal = {\apj},
     keywords = {Sun: activity, Sun: atmosphere, Sun: chromosphere, Sun: magnetic fields, Sun: photosphere, Sun: UV radiation, Astrophysics - Solar and Stellar Astrophysics},
         year = "2017",
        month = "Apr",
       volume = {839},
       number = {1},
          eid = {22},
        pages = {22},
          doi = {10.3847/1538-4357/aa6844},
archivePrefix = {arXiv},
       eprint = {1704.02872},
 primaryClass = {astro-ph.SR},
       adsurl = {https://ui.adsabs.harvard.edu/abs/2017ApJ...839...22H},
      adsnote = {Provided by the SAO/NASA Astrophysics Data System}
}

@ARTICLE{Hansteen2019,
       author = {{Hansteen}, V. and {Ortiz}, A. and {Archontis}, V. and {Carlsson}, M. and
         {Pereira}, T.~M.~D. and {Bj{\o}rgen}, J.~P.},
        title = "{Ellerman bombs and UV bursts: transient events in chromospheric current sheets}",
      journal = {arXiv e-prints},
     keywords = {Astrophysics - Solar and Stellar Astrophysics},
         year = "2019",
        month = "Apr",
          eid = {arXiv:1904.11524},
        pages = {arXiv:1904.11524},
archivePrefix = {arXiv},
       eprint = {1904.11524},
 primaryClass = {astro-ph.SR},
       adsurl = {https://ui.adsabs.harvard.edu/abs/2019arXiv190411524H},
      adsnote = {Provided by the SAO/NASA Astrophysics Data System}
}

@ARTICLE{Reid2017,
       author = {{Reid}, A. and {Mathioudakis}, M. and {Kowalski}, A. and {Doyle}, J.~G. and
         {Allred}, J.~C.},
        title = "{Solar Ellerman Bombs in 1D Radiative Hydrodynamics}",
      journal = {\apj},
     keywords = {hydrodynamics, Sun: activity, Sun: photosphere, Astrophysics - Solar and Stellar Astrophysics},
         year = "2017",
        month = "Feb",
       volume = {835},
       number = {2},
          eid = {L37},
        pages = {L37},
          doi = {10.3847/2041-8213/835/2/L37},
archivePrefix = {arXiv},
       eprint = {1701.04213},
 primaryClass = {astro-ph.SR},
       adsurl = {https://ui.adsabs.harvard.edu/abs/2017ApJ...835L..37R},
      adsnote = {Provided by the SAO/NASA Astrophysics Data System}
}

@ARTICLE{Peter2014,
       author = {{Peter}, H. and {Tian}, H. and {Curdt}, W. and {Schmit}, D. and
         {Innes}, D. and {De Pontieu}, B. and {Lemen}, J. and {Title}, A. and
         {Boerner}, P. and {Hurlburt}, N. and {Tarbell}, T.~D. and
         {Wuelser}, J.~P. and {Mart{\'\i}nez-Sykora}, Juan and {Kleint}, L. and
         {Golub}, L. and {McKillop}, S. and {Reeves}, K.~K. and {Saar}, S. and
         {Testa}, P. and {Kankelborg}, C. and {Jaeggli}, S. and {Carlsson}, M. and
         {Hansteen}, V.},
        title = "{Hot explosions in the cool atmosphere of the Sun}",
      journal = {Science},
     keywords = {ASTRONOMY, ONLINE, Astrophysics - Solar and Stellar Astrophysics},
         year = "2014",
        month = "Oct",
       volume = {346},
       number = {6207},
          eid = {1255726},
        pages = {1255726},
          doi = {10.1126/science.1255726},
archivePrefix = {arXiv},
       eprint = {1410.5842},
 primaryClass = {astro-ph.SR},
       adsurl = {https://ui.adsabs.harvard.edu/abs/2014Sci...346C.315P},
      adsnote = {Provided by the SAO/NASA Astrophysics Data System}
}

@ARTICLE{Tian2016,
       author = {{Tian}, Hui and {Xu}, Zhi and {He}, Jiansen and {Madsen}, Chad},
        title = "{Are IRIS Bombs Connected to Ellerman Bombs?}",
      journal = {\apj},
     keywords = {line: profiles, magnetic reconnection, Sun: chromosphere, Sun: photosphere, Sun: transition region, Astrophysics - Solar and Stellar Astrophysics},
         year = "2016",
        month = "Jun",
       volume = {824},
       number = {2},
          eid = {96},
        pages = {96},
          doi = {10.3847/0004-637X/824/2/96},
archivePrefix = {arXiv},
       eprint = {1604.05423},
 primaryClass = {astro-ph.SR},
       adsurl = {https://ui.adsabs.harvard.edu/abs/2016ApJ...824...96T},
      adsnote = {Provided by the SAO/NASA Astrophysics Data System}
}

@ARTICLE{Hou2016,
       author = {{Hou}, Zhenyong and {Huang}, Zhenghua and {Xia}, Lidong and {Li}, Bo and
         {Madjarska}, Maria S. and {Fu}, Hui and {Mou}, Chaozhou and
         {Xie}, Haixia},
        title = "{Narrow-line-width UV Bursts in the Transition Region above Sunspots Observed by IRIS}",
      journal = {\apj},
     keywords = {line: profiles, methods: observational, Sun: atmosphere, Sun: transition region, sunspots, Astrophysics - Solar and Stellar Astrophysics},
         year = "2016",
        month = "Oct",
       volume = {829},
       number = {2},
          eid = {L30},
        pages = {L30},
          doi = {10.3847/2041-8205/829/2/L30},
archivePrefix = {arXiv},
       eprint = {1608.04892},
 primaryClass = {astro-ph.SR},
       adsurl = {https://ui.adsabs.harvard.edu/abs/2016ApJ...829L..30H},
      adsnote = {Provided by the SAO/NASA Astrophysics Data System}
}

@ARTICLE{Polito2016,
       author = {{Polito}, V. and {Del Zanna}, G. and {Dud{\'\i}k}, J. and
         {Mason}, H.~E. and {Giunta}, A. and {Reeves}, K.~K.},
        title = "{Density diagnostics derived from the O iv and S iv intercombination lines observed by IRIS}",
      journal = {\aap},
     keywords = {Sun: transition region, Sun: UV radiation, techniques: spectroscopic, atomic data, Astrophysics - Solar and Stellar Astrophysics, Physics - Atomic Physics},
         year = "2016",
        month = "Oct",
       volume = {594},
          eid = {A64},
        pages = {A64},
          doi = {10.1051/0004-6361/201628965},
archivePrefix = {arXiv},
       eprint = {1607.05072},
 primaryClass = {astro-ph.SR},
       adsurl = {https://ui.adsabs.harvard.edu/abs/2016A&A...594A..64P},
      adsnote = {Provided by the SAO/NASA Astrophysics Data System}
}

@ARTICLE{Chen2019a,
       author = {Y. {Chen} and {Tian}, Hui and {Peter}, Hardi and {Samanta}, Tanmoy and
         {Yurchyshyn}, Vasyl and {Wang}, Haimin and {Cao}, Wenda and
         {Wang}, Linghua and {He}, Jiansen},
        title = "{Flame-like Ellerman Bombs and Their Connection to Solar Ultraviolet Bursts}",
      journal = {\apj},
     keywords = {magnetic reconnection, Sun: chromosphere, Sun: photosphere, Sun: transition region, Sun: UV radiation, Astrophysics - Solar and Stellar Astrophysics},
         year = "2019",
        month = "Apr",
       volume = {875},
       number = {2},
          eid = {L30},
        pages = {L30},
          doi = {10.3847/2041-8213/ab18a4},
archivePrefix = {arXiv},
       eprint = {1903.01981},
 primaryClass = {astro-ph.SR},
       adsurl = {https://ui.adsabs.harvard.edu/abs/2019ApJ...875L..30C},
      adsnote = {Provided by the SAO/NASA Astrophysics Data System}
}

@ARTICLE{Chen2017a,
       author = {Y. {Chen} and {Tian}, Hui and {Xu}, Zhi and {Xiang}, Yongyuan and
         {Fang}, Yuliang and {Yang}, Zihao},
        title = "{Ellerman bombs observed with the new vacuum solar telescope and the atmospheric imaging assembly onboard the solar dynamics observatory}",
      journal = {Geoscience Letters},
         year = "2017",
        month = "Dec",
       volume = {4},
       number = {1},
          eid = {30},
        pages = {30},
          doi = {10.1186/s40562-017-0096-1},
       adsurl = {https://ui.adsabs.harvard.edu/abs/2017GSL.....4...30C},
      adsnote = {Provided by the SAO/NASA Astrophysics Data System}
}

@ARTICLE{Tian2018b,
       author = {{Tian}, Hui and {Zhu}, Xiaoshuai and {Peter}, Hardi and {Zhao}, Jie and
         {Samanta}, Tanmoy and Y. {Chen}},
        title = "{Magnetic Reconnection at the Earliest Stage of Solar Flux Emergence}",
      journal = {\apj},
     keywords = {magnetic reconnection, Sun: chromosphere, Sun: transition region, Sun: UV radiation, sunspots, Astrophysics - Solar and Stellar Astrophysics, Physics - Plasma Physics},
         year = "2018",
        month = "Feb",
       volume = {854},
       number = {2},
          eid = {174},
        pages = {174},
          doi = {10.3847/1538-4357/aaaae6},
archivePrefix = {arXiv},
       eprint = {1801.06785},
 primaryClass = {astro-ph.SR},
       adsurl = {https://ui.adsabs.harvard.edu/abs/2018ApJ...854..174T},
      adsnote = {Provided by the SAO/NASA Astrophysics Data System}
}

@ARTICLE{Fang2017,
       author = {{Fang}, Cheng and {Hao}, Qi and {Ding}, Ming-De and {Li}, Zhen},
        title = "{Can the temperature of Ellerman Bombs be more than 10 000 K?}",
      journal = {Research in Astronomy and Astrophysics},
     keywords = {Astrophysics - Solar and Stellar Astrophysics},
         year = "2017",
        month = "Mar",
       volume = {17},
       number = {4},
          eid = {031},
        pages = {031},
          doi = {10.1088/1674-4527/17/4/31},
archivePrefix = {arXiv},
       eprint = {1702.01905},
 primaryClass = {astro-ph.SR},
       adsurl = {https://ui.adsabs.harvard.edu/abs/2017RAA....17...31F},
      adsnote = {Provided by the SAO/NASA Astrophysics Data System}
}

@ARTICLE{Haisch1989,
       author = {{Haisch}, Bernhard M.},
        title = "{An Overview of Solar and Stellar Flare Research}",
      journal = {SoPh},
     keywords = {Solar Activity, Stellar Flares, Particle Acceleration, Research Projects, Solar Corona, Solar Flares, Stellar Mass Ejection, Astrophysics},
         year = "1989",
        month = "Mar",
       volume = {121},
       number = {1-2},
        pages = {3-18},
          doi = {10.1007/BF00161684},
       adsurl = {https://ui.adsabs.harvard.edu/abs/1989SoPh..121....3H},
      adsnote = {Provided by the SAO/NASA Astrophysics Data System}
}

@ARTICLE{Borucki2010,
       author = {{Borucki}, William J. and {Koch}, David and {Basri}, Gibor and
         {Batalha}, Natalie and {Brown}, Timothy and {Caldwell}, Douglas and
         {Caldwell}, John and {Christensen-Dalsgaard}, J{\o}rgen and
         {Cochran}, William D. and {DeVore}, Edna and {Dunham}, Edward W. and
         {Dupree}, Andrea K. and {Gautier}, Thomas N. and {Geary}, John C. and
         {Gilliland}, Ronald and {Gould}, Alan and {Howell}, Steve B. and
         {Jenkins}, Jon M. and {Kondo}, Yoji and {Latham}, David W. and
         {Marcy}, Geoffrey W. and {Meibom}, S{\o}ren and {Kjeldsen}, Hans and
         {Lissauer}, Jack J. and {Monet}, David G. and {Morrison}, David and
         {Sasselov}, Dimitar and {Tarter}, Jill and {Boss}, Alan and
         {Brownlee}, Don and {Owen}, Toby and {Buzasi}, Derek and
         {Charbonneau}, David and {Doyle}, Laurance and {Fortney}, Jonathan and
         {Ford}, Eric B. and {Holman}, Matthew J. and {Seager}, Sara and
         {Steffen}, Jason H. and {Welsh}, William F. and {Rowe}, Jason and
         {Anderson}, Howard and {Buchhave}, Lars and {Ciardi}, David and
         {Walkowicz}, Lucianne and {Sherry}, William and {Horch}, Elliott and
         {Isaacson}, Howard and {Everett}, Mark E. and {Fischer}, Debra and
         {Torres}, Guillermo and {Johnson}, John Asher and {Endl}, Michael and
         {MacQueen}, Phillip and {Bryson}, Stephen T. and {Dotson}, Jessie and
         {Haas}, Michael and {Kolodziejczak}, Jeffrey and {Van Cleve}, Jeffrey and
         {Chandrasekaran}, Hema and {Twicken}, Joseph D. and
         {Quintana}, Elisa V. and {Clarke}, Bruce D. and {Allen}, Christopher and
         {Li}, Jie and {Wu}, Haley and {Tenenbaum}, Peter and
         {Verner}, Ekaterina and {Bruhweiler}, Frederick and {Barnes}, Jason and
         {Prsa}, Andrej},
        title = "{Kepler Planet-Detection Mission: Introduction and First Results}",
      journal = {Science},
     keywords = {ASTRONOMY},
         year = "2010",
        month = "Feb",
       volume = {327},
       number = {5968},
        pages = {977},
          doi = {10.1126/science.1185402},
       adsurl = {https://ui.adsabs.harvard.edu/abs/2010Sci...327..977B},
      adsnote = {Provided by the SAO/NASA Astrophysics Data System}
}

@ARTICLE{Maehara2012,
       author = {{Maehara}, Hiroyuki and {Shibayama}, Takuya and {Notsu}, Shota and
         {Notsu}, Yuta and {Nagao}, Takashi and {Kusaba}, Satoshi and
         {Honda}, Satoshi and {Nogami}, Daisaku and {Shibata}, Kazunari},
        title = "{Superflares on solar-type stars}",
      journal = {Nature},
         year = "2012",
        month = "May",
       volume = {485},
       number = {7399},
        pages = {478-481},
          doi = {10.1038/nature11063},
       adsurl = {https://ui.adsabs.harvard.edu/abs/2012Natur.485..478M},
      adsnote = {Provided by the SAO/NASA Astrophysics Data System}
}

@ARTICLE{Yang2017,
       author = {{Yang}, Huiqin and {Liu}, Jifeng and {Gao}, Qing and {Fang}, Xuan and
         {Guo}, Jincheng and {Zhang}, Yong and {Hou}, Yonghui and
         {Wang}, Yuefei and {Cao}, Zihuang},
        title = "{The Flaring Activity of M Dwarfs in the Kepler Field}",
      journal = {\apj},
     keywords = {stars: activity, stars: flare, stars: late-type, stars: statistics, starspots},
         year = "2017",
        month = "Nov",
       volume = {849},
       number = {1},
          eid = {36},
        pages = {36},
          doi = {10.3847/1538-4357/aa8ea2},
       adsurl = {https://ui.adsabs.harvard.edu/abs/2017ApJ...849...36Y},
      adsnote = {Provided by the SAO/NASA Astrophysics Data System}
}

@ARTICLE{Hawley2014,
       author = {{Hawley}, Suzanne L. and {Davenport}, James R.~A. and
         {Kowalski}, Adam F. and {Wisniewski}, John P. and {Hebb}, Leslie and
         {Deitrick}, Russell and {Hilton}, Eric J.},
        title = "{Kepler Flares. I. Active and Inactive M Dwarfs}",
      journal = {\apj},
     keywords = {stars: activity, stars: flare, stars: late-type, stars: low-mass, starspots, Astrophysics - Solar and Stellar Astrophysics},
         year = "2014",
        month = "Dec",
       volume = {797},
       number = {2},
          eid = {121},
        pages = {121},
          doi = {10.1088/0004-637X/797/2/121},
archivePrefix = {arXiv},
       eprint = {1410.7779},
 primaryClass = {astro-ph.SR},
       adsurl = {https://ui.adsabs.harvard.edu/abs/2014ApJ...797..121H},
      adsnote = {Provided by the SAO/NASA Astrophysics Data System}
}

@ARTICLE{Shibayama2013,
       author = {{Shibayama}, Takuya and {Maehara}, Hiroyuki and {Notsu}, Shota and
         {Notsu}, Yuta and {Nagao}, Takashi and {Honda}, Satoshi and
         {Ishii}, Takako T. and {Nogami}, Daisaku and {Shibata}, Kazunari},
        title = "{Superflares on Solar-type Stars Observed with Kepler. I. Statistical Properties of Superflares}",
      journal = {\apjs},
     keywords = {stars: activity, stars: flare, stars: rotation, stars: solar-type, starspots, Astrophysics - Solar and Stellar Astrophysics},
         year = "2013",
        month = "Nov",
       volume = {209},
       number = {1},
          eid = {5},
        pages = {5},
          doi = {10.1088/0067-0049/209/1/5},
archivePrefix = {arXiv},
       eprint = {1308.1480},
 primaryClass = {astro-ph.SR},
       adsurl = {https://ui.adsabs.harvard.edu/abs/2013ApJS..209....5S},
      adsnote = {Provided by the SAO/NASA Astrophysics Data System}
}


@ARTICLE{Hawley1991,
       author = {{Hawley}, Suzanne L. and {Pettersen}, Bjorn R.},
        title = "{The Great Flare of 1985 April 12 on AD Leonis}",
      journal = {\apj},
     keywords = {Dwarf Stars, Stellar Atmospheres, Stellar Flares, Stellar Spectra, Ultraviolet Spectra, Astronomical Photometry, Astronomical Spectroscopy, Emission Spectra, Energy Budgets, Line Spectra, Wavelengths, Astrophysics, STARS: FLARE, STARS: INDIVIDUAL CONSTELLATION NAME: AD LEONIS, ULTRAVIOLET: SPECTRA},
         year = "1991",
        month = "Sep",
       volume = {378},
        pages = {725},
          doi = {10.1086/170474},
       adsurl = {https://ui.adsabs.harvard.edu/abs/1991ApJ...378..725H},
      adsnote = {Provided by the SAO/NASA Astrophysics Data System}
}

@ARTICLE{Hawley1992,
       author = {{Hawley}, Suzanne L. and {Fisher}, George H.},
        title = "{X-Ray--heated Models of Stellar Flare Atmospheres: Theory and Comparison with Observations}",
      journal = {\apjs},
     keywords = {Radiative Heat Transfer, Stellar Atmospheres, Stellar Flares, Stellar Models, Black Body Radiation, Chromosphere, Computational Astrophysics, Emission Spectra, Photosphere, Ultraviolet Emission, Astrophysics, RADIATIVE TRANSFER, STARS: ATMOSPHERES, STARS: CORONAE, STARS: FLARE, SUN: FLARES},
         year = "1992",
        month = "Feb",
       volume = {78},
        pages = {565},
          doi = {10.1086/191640},
       adsurl = {https://ui.adsabs.harvard.edu/abs/1992ApJS...78..565H},
      adsnote = {Provided by the SAO/NASA Astrophysics Data System}
}

@ARTICLE{Davenport2014,
       author = {{Davenport}, James R.~A. and {Hawley}, Suzanne L. and {Hebb}, Leslie and
         {Wisniewski}, John P. and {Kowalski}, Adam F. and {Johnson}, Emily C. and
         {Malatesta}, Michael and {Peraza}, Jesus and {Keil}, Marcus and
         {Silverberg}, Steven M. and {Jansen}, Tiffany C. and
         {Scheffler}, Matthew S. and {Berdis}, Jodi R. and {Larsen}, Daniel M. and
         {Hilton}, Eric J.},
        title = "{Kepler Flares. II. The Temporal Morphology of White-light Flares on GJ 1243}",
      journal = {\apj},
     keywords = {stars: activity, stars: flare, stars: low-mass, Astrophysics - Solar and Stellar Astrophysics},
         year = "2014",
        month = "Dec",
       volume = {797},
       number = {2},
          eid = {122},
        pages = {122},
          doi = {10.1088/0004-637X/797/2/122},
archivePrefix = {arXiv},
       eprint = {1411.3723},
 primaryClass = {astro-ph.SR},
       adsurl = {https://ui.adsabs.harvard.edu/abs/2014ApJ...797..122D},
      adsnote = {Provided by the SAO/NASA Astrophysics Data System}
}

@ARTICLE{Lurie2015,
       author = {{Lurie}, John C. and {Davenport}, James R.~A. and {Hawley}, Suzanne L. and
         {Wilkinson}, Tessa D. and {Wisniewski}, John P. and
         {Kowalski}, Adam F. and {Hebb}, Leslie},
        title = "{Kepler Flares III: Stellar Activity on GJ 1245A and B}",
      journal = {\apj},
     keywords = {stars: activity, stars: low-mass, techniques: image processing, Astrophysics - Solar and Stellar Astrophysics},
         year = "2015",
        month = "Feb",
       volume = {800},
       number = {2},
          eid = {95},
        pages = {95},
          doi = {10.1088/0004-637X/800/2/95},
archivePrefix = {arXiv},
       eprint = {1412.6109},
 primaryClass = {astro-ph.SR},
       adsurl = {https://ui.adsabs.harvard.edu/abs/2015ApJ...800...95L},
      adsnote = {Provided by the SAO/NASA Astrophysics Data System}
}

@ARTICLE{Eason1992,
       author = {{Eason}, Erik L.~E. and {Giampapa}, M.~S. and {Radick}, R.~R. and
         {Worden}, S.~P. and {Hege}, E.~K.},
        title = "{Spectroscopic and Photometric Observations of a Five-Magnitude Flare Event on UV CETI}",
      journal = {AJ},
     keywords = {Astronomical Photometry, Bremsstrahlung, Stellar Flares, Stellar Magnitude, Stellar Spectra, Balmer Series, Spectral Resolution, Stellar Luminosity, Astronomy, STARS: INDIVIDUAL: UV CETI, STARS: FLARES},
         year = "1992",
        month = "Sep",
       volume = {104},
        pages = {1161},
          doi = {10.1086/116305},
       adsurl = {https://ui.adsabs.harvard.edu/abs/1992AJ....104.1161E},
      adsnote = {Provided by the SAO/NASA Astrophysics Data System}
}

@ARTICLE{Kowalski2010,
       author = {{Kowalski}, Adam F. and {Hawley}, Suzanne L. and {Holtzman}, Jon A. and
         {Wisniewski}, John P. and {Hilton}, Eric J.},
        title = "{A White Light Megaflare on the dM4.5e Star YZ CMi}",
      journal = {\apj},
     keywords = {stars: atmospheres, stars: flare, stars: late-type, Astrophysics - Solar and Stellar Astrophysics},
         year = "2010",
        month = "May",
       volume = {714},
       number = {1},
        pages = {L98-L102},
          doi = {10.1088/2041-8205/714/1/L98},
archivePrefix = {arXiv},
       eprint = {1003.3057},
 primaryClass = {astro-ph.SR},
       adsurl = {https://ui.adsabs.harvard.edu/abs/2010ApJ...714L..98K},
      adsnote = {Provided by the SAO/NASA Astrophysics Data System}
}


@ARTICLE{Kowalski2012,
       author = {{Kowalski}, Adam F. and {Hawley}, S.~L. and {Holtzman}, J.~A. and
         {Wisniewski}, J.~P. and {Hilton}, E.~J.},
        title = "{The Multiple Continuum Components in the White-Light Flare of 16 January 2009 on the dM4.5e Star YZ CMi}",
      journal = {SoPh},
     keywords = {White-light flares, Solar-stellar connection, Radiative transfer, Ellerman bombs, Astrophysics - Solar and Stellar Astrophysics},
         year = "2012",
        month = "Mar",
       volume = {277},
       number = {1},
        pages = {21-29},
          doi = {10.1007/s11207-011-9839-x},
archivePrefix = {arXiv},
       eprint = {1109.0837},
 primaryClass = {astro-ph.SR},
       adsurl = {https://ui.adsabs.harvard.edu/abs/2012SoPh..277...21K},
      adsnote = {Provided by the SAO/NASA Astrophysics Data System}
}

@ARTICLE{Kowalski2013,
       author = {{Kowalski}, Adam F. and {Hawley}, Suzanne L. and {Wisniewski}, John P. and
         {Osten}, Rachel A. and {Hilton}, Eric J. and {Holtzman}, Jon A. and
         {Schmidt}, Sarah J. and {Davenport}, James R.~A.},
        title = "{Time-resolved Properties and Global Trends in dMe Flares from Simultaneous Photometry and Spectra}",
      journal = {\apjs},
     keywords = {stars: atmospheres, stars: flare, Astrophysics - Solar and Stellar Astrophysics},
         year = "2013",
        month = "Jul",
       volume = {207},
       number = {1},
          eid = {15},
        pages = {15},
          doi = {10.1088/0067-0049/207/1/15},
archivePrefix = {arXiv},
       eprint = {1307.2099},
 primaryClass = {astro-ph.SR},
       adsurl = {https://ui.adsabs.harvard.edu/abs/2013ApJS..207...15K},
      adsnote = {Provided by the SAO/NASA Astrophysics Data System}
}

@ARTICLE{Lacy1976,
       author = {{Lacy}, C.~H. and {Moffett}, T.~J. and {Evans}, D.~S.},
        title = "{UV Ceti stars: statistical analysis of observational data.}",
      journal = {\apjs},
     keywords = {Light Curve, Stellar Spectrophotometry, Ubv Spectra, Variable Stars, Statistical Analysis, Stellar Luminosity, Stellar Spectra, Astronomy},
         year = "1976",
        month = "Jan",
       volume = {30},
        pages = {85-96},
          doi = {10.1086/190358},
       adsurl = {https://ui.adsabs.harvard.edu/abs/1976ApJS...30...85L},
      adsnote = {Provided by the SAO/NASA Astrophysics Data System}
}

@ARTICLE{Moffett1974,
       author = {{Moffett}, T.~J.},
        title = "{UV Ceti flare stars: observational data.}",
      journal = {\apjs},
     keywords = {Astronomical Catalogs, Stellar Mass Ejection, Stellar Spectrophotometry, Variable Stars, Astronomical Photometry, Data Reduction, Error Analysis, Flares, Tables (Data), Astronomy},
         year = "1974",
        month = "Dec",
       volume = {29},
        pages = {1-42},
          doi = {10.1086/190330},
       adsurl = {https://ui.adsabs.harvard.edu/abs/1974ApJS...29....1M},
      adsnote = {Provided by the SAO/NASA Astrophysics Data System}
}

@ARTICLE{Moffett1976,
       author = {{Moffett}, T.~J. and {Bopp}, B.~W.},
        title = "{High time-resolution observations of UV Ceti stars.}",
      journal = {\apjs},
         year = "1976",
        month = "May",
       volume = {31},
        pages = {61-73},
          doi = {10.1086/190374},
       adsurl = {https://ui.adsabs.harvard.edu/abs/1976ApJS...31...61M},
      adsnote = {Provided by the SAO/NASA Astrophysics Data System}
}


@ARTICLE{Kowalski2019,
       author = {{Kowalski}, Adam F. and {Wisniewski}, John P. and {Hawley}, Suzanne L. and
         {Osten}, Rachel A. and {Brown}, Alexander and {Fari{\~n}a}, Cecilia and
         {Valenti}, Jeff A. and {Brown}, Stephen and {Xilouris}, Manolis and
         {Schmidt}, Sarah J. and {Johns-Krull}, Christopher},
        title = "{The Near-ultraviolet Continuum Radiation in the Impulsive Phase of HF/GF-type dMe Flares. I. Data}",
      journal = {\apj},
     keywords = {stars: flare, Astrophysics - Solar and Stellar Astrophysics},
         year = "2019",
        month = "Feb",
       volume = {871},
       number = {2},
          eid = {167},
        pages = {167},
          doi = {10.3847/1538-4357/aaf058},
archivePrefix = {arXiv},
       eprint = {1811.04021},
 primaryClass = {astro-ph.SR},
       adsurl = {https://ui.adsabs.harvard.edu/abs/2019ApJ...871..167K},
      adsnote = {Provided by the SAO/NASA Astrophysics Data System}
}

@INPROCEEDINGS{Ricker2014,
       author = {{Ricker}, George R. and {Winn}, Joshua N. and {Vanderspek}, Roland and
         {Latham}, David W. and {Bakos}, G{\'a}sp{\'a}r. {\'A}. and
         {Bean}, Jacob L. and {Berta-Thompson}, Zachory K. and
         {Brown}, Timothy M. and {Buchhave}, Lars and {Butler}, Nathaniel R. and
         {Butler}, R. Paul and {Chaplin}, William J. and {Charbonneau}, David and
         {Christensen-Dalsgaard}, J{\o}rgen and {Clampin}, Mark and
         {Deming}, Drake and {Doty}, John and {De Lee}, Nathan and
         {Dressing}, Courtney and {Dunham}, E.~W. and {Endl}, Michael and
         {Fressin}, Francois and {Ge}, Jian and {Henning}, Thomas and
         {Holman}, Matthew J. and {Howard}, Andrew W. and {Ida}, Shigeru and
         {Jenkins}, Jon and {Jernigan}, Garrett and {Johnson}, John A. and
         {Kaltenegger}, Lisa and {Kawai}, Nobuyuki and {Kjeldsen}, Hans and
         {Laughlin}, Gregory and {Levine}, Alan M. and {Lin}, Douglas and
         {Lissauer}, Jack J. and {MacQueen}, Phillip and {Marcy}, Geoffrey and
         {McCullough}, P.~R. and {Morton}, Timothy D. and {Narita}, Norio and
         {Paegert}, Martin and {Palle}, Enric and {Pepe}, Francesco and
         {Pepper}, Joshua and {Quirrenbach}, Andreas and {Rinehart}, S.~A. and
         {Sasselov}, Dimitar and {Sato}, Bun'ei and {Seager}, Sara and
         {Sozzetti}, Alessandro and {Stassun}, Keivan G. and {Sullivan}, Peter and
         {Szentgyorgyi}, Andrew and {Torres}, Guillermo and {Udry}, Stephane and
         {Villasenor}, Joel},
        title = "{Transiting Exoplanet Survey Satellite (TESS)}",
     keywords = {Astrophysics - Earth and Planetary Astrophysics, Astrophysics - Solar and Stellar Astrophysics},
    booktitle = {Space Telescopes and Instrumentation 2014: Optical, Infrared, and Millimeter Wave},
         year = "2014",
       series = {Society of Photo-Optical Instrumentation Engineers (SPIE) Conference Series},
       volume = {9143},
        month = "Aug",
          eid = {914320},
        pages = {914320},
          doi = {10.1117/12.2063489},
archivePrefix = {arXiv},
       eprint = {1406.0151},
 primaryClass = {astro-ph.EP},
       adsurl = {https://ui.adsabs.harvard.edu/abs/2014SPIE.9143E..20R},
      adsnote = {Provided by the SAO/NASA Astrophysics Data System}
}


@ARTICLE{Gunther2019,
       author = {{G{\"u}nther}, Maximilian N. and {Zhan}, Zhuchang and {Seager}, Sara and
         {Rimmer}, Paul B. and {Ranjan}, Sukrit and {Stassun}, Keivan G. and
         {Oelkers}, Ryan J. and {Daylan}, Tansu and {Newton}, Elisabeth and
         {Gillen}, Edward and {Rappaport}, Saul and {Ricker}, George R. and
         {Latham}, David W. and {Winn}, Joshua N. and {Jenkins}, Jon M. and
         {Glidden}, Ana and {Fausnaugh}, Michael and {Levine}, Alan M. and
         {Dittmann}, Jason A. and {Quinn}, Samuel N. and
         {Krishnamurthy}, Akshata and {Ting}, Eric B.},
        title = "{Stellar Flares from the First Tess Data Release: Exploring a New Sample of M-dwarfs}",
      journal = {arXiv e-prints},
     keywords = {Astrophysics - Earth and Planetary Astrophysics},
         year = "2019",
        month = "Jan",
          eid = {arXiv:1901.00443},
        pages = {arXiv:1901.00443},
archivePrefix = {arXiv},
       eprint = {1901.00443},
 primaryClass = {astro-ph.EP},
       adsurl = {https://ui.adsabs.harvard.edu/abs/2019arXiv190100443G},
      adsnote = {Provided by the SAO/NASA Astrophysics Data System}
}

@ARTICLE{Froning2019,
       author = {{Froning}, Cynthia S. and {Kowalski}, Adam and {France}, Kevin and
         {Loyd}, R.~O. Parke and {Schneider}, P. Christian and
         {Youngblood}, Allison and {Wilson}, David and {Brown}, Alexander and
         {Berta-Thompson}, Zachory and {Pineda}, J. Sebastian and
         {Linsky}, Jeffrey and {Rugheimer}, Sarah and {Miguel}, Yamila},
        title = "{A Hot Ultraviolet Flare on the M Dwarf Star GJ 674}",
      journal = {\apj},
     keywords = {planets and satellites: atmospheres, stars: activity, stars: chromospheres, stars: flare, stars: individual: GJ 674, stars: low-mass},
         year = "2019",
        month = "Feb",
       volume = {871},
       number = {2},
          eid = {L26},
        pages = {L26},
          doi = {10.3847/2041-8213/aaffcd},
       adsurl = {https://ui.adsabs.harvard.edu/abs/2019ApJ...871L..26F},
      adsnote = {Provided by the SAO/NASA Astrophysics Data System}
}

@ARTICLE{Carlsson1992,
       author = {{Carlsson}, Mats and {Stein}, Robert F.},
        title = "{Non-LTE Radiating Acoustic Shocks and CA II K2V Bright Points}",
      journal = {\apj},
     keywords = {Calcium, Chromosphere, Line Spectra, Shock Wave Propagation, Solar Atmosphere, Sound Waves, Hydrodynamic Equations, Nonequilibrium Thermodynamics, Plasma Heating, Solar Physics, HYDRODYNAMICS, LINE: FORMATION, SHOCK WAVES, SUN: CHROMOSPHERE},
         year = "1992",
        month = "Sep",
       volume = {397},
        pages = {L59},
          doi = {10.1086/186544},
       adsurl = {https://ui.adsabs.harvard.edu/abs/1992ApJ...397L..59C},
      adsnote = {Provided by the SAO/NASA Astrophysics Data System}
}

@ARTICLE{Carlsson1997,
       author = {{Carlsson}, Mats and {Stein}, Robert F.},
        title = "{Formation of Solar Calcium H and K Bright Grains}",
      journal = {\apj},
     keywords = {Hydrodynamics, Methods: Numerical, Shock Waves, Sun: Granulation},
         year = "1997",
        month = "May",
       volume = {481},
       number = {1},
        pages = {500-514},
          doi = {10.1086/304043},
       adsurl = {https://ui.adsabs.harvard.edu/abs/1997ApJ...481..500C},
      adsnote = {Provided by the SAO/NASA Astrophysics Data System}
}



@ARTICLE{Allred2015,
       author = {{Allred}, Joel C. and {Kowalski}, Adam F. and {Carlsson}, Mats},
        title = "{A Unified Computational Model for Solar and Stellar Flares}",
      journal = {\apj},
     keywords = {methods: numerical, radiative transfer, stars: flare, Sun: atmosphere, Sun: flares, Astrophysics - Solar and Stellar Astrophysics},
         year = "2015",
        month = "Aug",
       volume = {809},
       number = {1},
          eid = {104},
        pages = {104},
          doi = {10.1088/0004-637X/809/1/104},
archivePrefix = {arXiv},
       eprint = {1507.04375},
 primaryClass = {astro-ph.SR},
       adsurl = {https://ui.adsabs.harvard.edu/abs/2015ApJ...809..104A},
      adsnote = {Provided by the SAO/NASA Astrophysics Data System}
}

@ARTICLE{Kowalski2015,
       author = {{Kowalski}, Adam F. and {Hawley}, S.~L. and {Carlsson}, M. and
         {Allred}, J.~C. and {Uitenbroek}, H. and {Osten}, R.~A. and
         {Holman}, G.},
        title = "{New Insights into White-Light Flare Emission from Radiative-Hydrodynamic Modeling of a Chromospheric Condensation}",
      journal = {SoPh},
     keywords = {Flares, dynamics, energetic particles, impulsive phase, models, spectrum, white-light, Astrophysics - Solar and Stellar Astrophysics},
         year = "2015",
        month = "Dec",
       volume = {290},
       number = {12},
        pages = {3487-3523},
          doi = {10.1007/s11207-015-0708-x},
archivePrefix = {arXiv},
       eprint = {1503.07057},
 primaryClass = {astro-ph.SR},
       adsurl = {https://ui.adsabs.harvard.edu/abs/2015SoPh..290.3487K},
      adsnote = {Provided by the SAO/NASA Astrophysics Data System}
}

@ARTICLE{Allred2005,
       author = {{Allred}, Joel C. and {Hawley}, Suzanne L. and {Abbett}, William P. and
         {Carlsson}, Mats},
        title = "{Radiative Hydrodynamic Models of the Optical and Ultraviolet Emission from Solar Flares}",
      journal = {\apj},
     keywords = {Methods: Numerical, Radiative Transfer, Sun: Atmosphere, Sun: Flares, Astrophysics},
         year = "2005",
        month = "Sep",
       volume = {630},
       number = {1},
        pages = {573-586},
          doi = {10.1086/431751},
archivePrefix = {arXiv},
       eprint = {astro-ph/0507335},
 primaryClass = {astro-ph},
       adsurl = {https://ui.adsabs.harvard.edu/abs/2005ApJ...630..573A},
      adsnote = {Provided by the SAO/NASA Astrophysics Data System}
}

@ARTICLE{Allred2006,
       author = {{Allred}, Joel C. and {Hawley}, Suzanne L. and {Abbett}, William P. and
         {Carlsson}, Mats},
        title = "{Radiative Hydrodynamic Models of Optical and Ultraviolet Emission from M Dwarf Flares}",
      journal = {\apj},
     keywords = {Hydrodynamics, Radiative Transfer, Stars: Atmospheres, Stars: Chromospheres, Stars: Flare, Stars: Low-Mass, Brown Dwarfs, Astrophysics},
         year = "2006",
        month = "Jun",
       volume = {644},
       number = {1},
        pages = {484-496},
          doi = {10.1086/503314},
archivePrefix = {arXiv},
       eprint = {astro-ph/0603195},
 primaryClass = {astro-ph},
       adsurl = {https://ui.adsabs.harvard.edu/abs/2006ApJ...644..484A},
      adsnote = {Provided by the SAO/NASA Astrophysics Data System}
}

@ARTICLE{Hawley2007,
       author = {{Hawley}, Suzanne L. and {Walkowicz}, Lucianne M. and {Allred}, Joel C. and
         {Valenti}, Jeff A.},
        title = "{Near-Ultraviolet Spectra of Flares on YZ CMi}",
      journal = {PASP},
     keywords = {Stars: Low-Mass, Brown Dwarfs, Stars: Magnetic Fields, Stars: Emission-Line, Be, Stars: Flare, stars: individual (YZ CMi), Astrophysics},
         year = "2007",
        month = "Jan",
       volume = {119},
       number = {851},
        pages = {67-81},
          doi = {10.1086/510561},
archivePrefix = {arXiv},
       eprint = {astro-ph/0611074},
 primaryClass = {astro-ph},
       adsurl = {https://ui.adsabs.harvard.edu/abs/2007PASP..119...67H},
      adsnote = {Provided by the SAO/NASA Astrophysics Data System}
}

@ARTICLE{Kowalski2016,
       author = {{Kowalski}, Adam F. and {Mathioudakis}, Mihalis and
         {Hawley}, Suzanne L. and {Wisniewski}, John P. and {Dhillon}, Vik S. and
         {Marsh}, Tom R. and {Hilton}, Eric J. and {Brown}, Benjamin P.},
        title = "{M Dwarf Flare Continuum Variations on One-second Timescales: Calibrating and Modeling of ULTRACAM Flare Color Indices}",
      journal = {\apj},
     keywords = {stars: flare, stars: low-mass, Astrophysics - Solar and Stellar Astrophysics},
         year = "2016",
        month = "Apr",
       volume = {820},
       number = {2},
          eid = {95},
        pages = {95},
          doi = {10.3847/0004-637X/820/2/95},
archivePrefix = {arXiv},
       eprint = {1602.04879},
 primaryClass = {astro-ph.SR},
       adsurl = {https://ui.adsabs.harvard.edu/abs/2016ApJ...820...95K},
      adsnote = {Provided by the SAO/NASA Astrophysics Data System}
}

@ARTICLE{Kowalski2017b,
       author = {{Kowalski}, Adam F. and {Allred}, Joel C. and {Uitenbroek}, Han and
         {Tremblay}, Pier-Emmanuel and {Brown}, Stephen and {Carlsson}, Mats and
         {Osten}, Rachel A. and {Wisniewski}, John P. and {Hawley}, Suzanne L.},
        title = "{Hydrogen Balmer Line Broadening in Solar and Stellar Flares}",
      journal = {\apj},
     keywords = {methods: numerical, radiative transfer, stars: atmospheres, stars: flare, Sun: atmosphere, Sun: flares, Astrophysics - Solar and Stellar Astrophysics},
         year = "2017",
        month = "Mar",
       volume = {837},
       number = {2},
          eid = {125},
        pages = {125},
          doi = {10.3847/1538-4357/aa603e},
archivePrefix = {arXiv},
       eprint = {1702.03321},
 primaryClass = {astro-ph.SR},
       adsurl = {https://ui.adsabs.harvard.edu/abs/2017ApJ...837..125K},
      adsnote = {Provided by the SAO/NASA Astrophysics Data System}
}

@ARTICLE{Kowalski2018a,
       author = {{Kowalski}, Adam F. and {Allred}, Joel C.},
        title = "{Parameterizations of Chromospheric Condensations in dG and dMe Model Flare Atmospheres}",
      journal = {\apj},
     keywords = {methods: numerical, radiative transfer, stars: flare, Sun: atmosphere, Sun: flares, Astrophysics - Solar and Stellar Astrophysics},
         year = "2018",
        month = "Jan",
       volume = {852},
       number = {1},
          eid = {61},
        pages = {61},
          doi = {10.3847/1538-4357/aa9d91},
archivePrefix = {arXiv},
       eprint = {1711.09488},
 primaryClass = {astro-ph.SR},
       adsurl = {https://ui.adsabs.harvard.edu/abs/2018ApJ...852...61K},
      adsnote = {Provided by the SAO/NASA Astrophysics Data System}
}

@BOOK{Mihalas2014,
       author = {{Hubeny}, Ivan and {Mihalas}, Dimitri},
        title = "{Theory of Stellar Atmospheres}",
         year = "2014",
       adsurl = {https://ui.adsabs.harvard.edu/abs/2014tsa..book.....H},
      adsnote = {Provided by the SAO/NASA Astrophysics Data System}
}

@ARTICLE{Schuster1905,
       author = {{Schuster}, Arthur},
        title = "{Radiation Through a Foggy Atmosphere}",
      journal = {ApJ	},
         year = "1905",
        month = "Jan",
       volume = {21},
        pages = {1},
          doi = {10.1086/141186},
       adsurl = {https://ui.adsabs.harvard.edu/abs/1905ApJ....21....1S},
      adsnote = {Provided by the SAO/NASA Astrophysics Data System}
}

@ARTICLE{Magain1986,
       author = {{Magain}, P.},
        title = "{Contribution functions and the depths of formation of spectral lines}",
      journal = {\aap},
     keywords = {Line Spectra, Stellar Atmospheres, Stellar Spectra, Absorption Spectra, Iron, Photosphere, Spectral Line Width, Transfer Functions, Astrophysics},
         year = "1986",
        month = "Jul",
       volume = {163},
       number = {1-2},
        pages = {135-139},
       adsurl = {https://ui.adsabs.harvard.edu/abs/1986A&A...163..135M},
      adsnote = {Provided by the SAO/NASA Astrophysics Data System}
}


@INPROCEEDINGS{Kowalski2016b,
   author = {{Kowalski}, Adam F.},
    title = "{White-light continuum in stellar flares}",
 keywords = {acceleration of particles, atomic processes, hydrodynamics, radiative transfer, stars: flare, low-mass, chromospheres, Sun: flares,},
booktitle = {Solar and Stellar Flares and their Effects on Planets},
     year = 2016,
   series = {IAU Symposium},
   volume = 320,
archivePrefix = "arXiv",
   eprint = {1511.05085},
 primaryClass = "astro-ph.SR",
   editor = {{Kosovichev}, A.~G. and {Hawley}, S.~L. and {Heinzel}, P.},
    pages = {259-267},
      doi = {10.1017/S1743921316000028},
   adsurl = {http://adsabs.harvard.edu/abs/2016IAUS..320..259K},
  adsnote = {Provided by the SAO/NASA Astrophysics Data System}
}

@ARTICLE{Vernazza1981,
       author = {{Vernazza}, J.~E. and {Avrett}, E.~H. and {Loeser}, R.},
        title = "{Structure of the solar chromosphere. III. Models of the EUV brightness components of the quiet sun.}",
      journal = {\apjs},
     keywords = {Atmospheric Models, Brightness Temperature, Chromosphere, Extreme Ultraviolet Radiation, Nonequilibrium Thermodynamics, Radiative Heat Transfer, Solar Atmosphere, Ultraviolet Spectra, Atmospheric Heating, Atomic Energy Levels, Carbon, Graphs (Charts), Hydrogen Atoms, Iron, Lyman Spectra, Solar Temperature, Tables (Data), Solar Physics},
         year = "1981",
        month = "Apr",
       volume = {45},
        pages = {635-725},
          doi = {10.1086/190731},
       adsurl = {https://ui.adsabs.harvard.edu/abs/1981ApJS...45..635V},
      adsnote = {Provided by the SAO/NASA Astrophysics Data System}
}

@ARTICLE{Peter2004,
       author = {{Peter}, Hardi},
        title = "{Structure and Dynamics of the Low Corona of the Sun (With 13 Figures)}",
      journal = {Reviews in Modern Astronomy},
         year = "2004",
        month = "Jan",
       volume = {17},
        pages = {87},
       adsurl = {https://ui.adsabs.harvard.edu/abs/2004RvMA...17...87P},
      adsnote = {Provided by the SAO/NASA Astrophysics Data System}
}

@ARTICLE{Doschek1977,
       author = {{Doschek}, G.~A. and {Feldman}, U.},
        title = "{High-resolution spectra of the solar Mg II h and k lines from Skylab.}",
      journal = {\apjs},
     keywords = {H Lines, K Lines, Skylab Program, Solar Spectra, Spaceborne Astronomy, Chromosphere, High Resolution, Line Spectra, Solar Atmosphere, Solar Granulation, Ultraviolet Spectra, Solar Physics},
         year = "1977",
        month = "Dec",
       volume = {35},
        pages = {471-482},
          doi = {10.1086/190489},
       adsurl = {https://ui.adsabs.harvard.edu/abs/1977ApJS...35..471D},
      adsnote = {Provided by the SAO/NASA Astrophysics Data System}
}

@ARTICLE{Feldman1977,
       author = {{Feldman}, U. and {Doschek}, G.~A.},
        title = "{The 3s-3p and 3p-3d lines of Mg II observed above the solar limb from Skylab.}",
      journal = {\apj},
     keywords = {Emission Spectra, Magnesium, Solar Limb, Solar Spectra, Skylab Program, Solar Activity, Solar Atmosphere, Spectral Line Width, Solar Physics},
         year = "1977",
        month = "Mar",
       volume = {212},
        pages = {L147-L150},
          doi = {10.1086/182395},
       adsurl = {https://ui.adsabs.harvard.edu/abs/1977ApJ...212L.147F},
      adsnote = {Provided by the SAO/NASA Astrophysics Data System}
}

@ARTICLE{Lemaire1967,
       author = {{Lemaire}, P. and {Blamont}, J.~E.},
        title = "{Stigmatic Balloon Spectra of the Solar MG II Doublet}",
      journal = {\apj},
         year = "1967",
        month = "Dec",
       volume = {150},
        pages = {L129},
          doi = {10.1086/180109},
       adsurl = {https://ui.adsabs.harvard.edu/abs/1967ApJ...150L.129L},
      adsnote = {Provided by the SAO/NASA Astrophysics Data System}
}

@ARTICLE{Lemaire1969,
       author = {{Lemaire}, P.},
        title = "{High Resolution Balloon Spectra of the Sun in the Mg II Doublet Lines II}",
      journal = {Astrophysical Letters},
         year = "1969",
        month = "Jan",
       volume = {3},
        pages = {43},
       adsurl = {https://ui.adsabs.harvard.edu/abs/1969ApL.....3...43L},
      adsnote = {Provided by the SAO/NASA Astrophysics Data System}
}

@ARTICLE{Kohl1976K,
       author = {{Kohl}, J.~L. and {Parkinson}, W.~H.},
        title = "{The Mg II h and k lines. I. Absolute center and limb measurements of the solar profiles.}",
      journal = {\apj},
     keywords = {Line Shape, Magnesium, Solar Limb, Solar Spectra, Ultraviolet Spectra, Angular Resolution, Metal Ions, Solar Instruments, Spectral Resolution, Telescopes, Solar Physics},
         year = "1976",
        month = "Apr",
       volume = {205},
        pages = {599-611},
          doi = {10.1086/154317},
       adsurl = {https://ui.adsabs.harvard.edu/abs/1976ApJ...205..599K},
      adsnote = {Provided by the SAO/NASA Astrophysics Data System}
}

@ARTICLE{Milkey1974,
       author = {{Milkey}, R.~W. and {Mihalas}, D.},
        title = "{Resonance line transfer with partial redistribution: II. The solar Mg II lines.}",
      journal = {\apj},
     keywords = {Chromosphere, Line Spectra, Magnesium, Solar Spectra, Atmospheric Models, Frequency Distribution, H Lines, K Lines, Line Shape, Metal Ions, Photons, Resonance, Solar Physics},
         year = "1974",
        month = "Sep",
       volume = {192},
        pages = {769-776},
          doi = {10.1086/153115},
       adsurl = {https://ui.adsabs.harvard.edu/abs/1974ApJ...192..769M},
      adsnote = {Provided by the SAO/NASA Astrophysics Data System}
}

@ARTICLE{Ayres1976,
       author = {{Ayres}, T.~R. and {Linsky}, J.~L.},
        title = "{The MG II h and k lines. II. Comparison with synthesized profiles and Ca II K.}",
      journal = {\apj},
     keywords = {H Lines, K Lines, Magnesium, Solar Spectra, Atmospheric Models, Photosphere, Solar Temperature, Temperature Distribution, Solar Physics},
         year = "1976",
        month = "May",
       volume = {205},
        pages = {874-894},
          doi = {10.1086/154344},
       adsurl = {https://ui.adsabs.harvard.edu/abs/1976ApJ...205..874A},
      adsnote = {Provided by the SAO/NASA Astrophysics Data System}
}

@ARTICLE{Uitenbroek1997,
       author = {{Uitenbroek}, H.},
        title = "{THE SOLAR MG II H AND K LINES - Observations and Radiative Transfer Modeling}",
      journal = {SoPh},
         year = "1997",
        month = "May",
       volume = {172},
        pages = {109-116},
          doi = {10.1023/A:1004981412889},
       adsurl = {https://ui.adsabs.harvard.edu/abs/1997SoPh..172..109U},
      adsnote = {Provided by the SAO/NASA Astrophysics Data System}
}

@ARTICLE{DePontieu2014,
       author = {{De Pontieu}, B. and {Title}, A.~M. and {Lemen}, J.~R. and
         {Kushner}, G.~D. and {Akin}, D.~J. and {Allard}, B. and {Berger}, T. and
         {Boerner}, P. and {Cheung}, M. and {Chou}, C. and {Drake}, J.~F. and
         {Duncan}, D.~W. and {Freeland}, S. and {Heyman}, G.~F. and
         {Hoffman}, C. and {Hurlburt}, N.~E. and {Lindgren}, R.~W. and
         {Mathur}, D. and {Rehse}, R. and {Sabolish}, D. and {Seguin}, R. and
         {Schrijver}, C.~J. and {Tarbell}, T.~D. and {W{\"u}lser}, J. -P. and
         {Wolfson}, C.~J. and {Yanari}, C. and {Mudge}, J. and
         {Nguyen-Phuc}, N. and {Timmons}, R. and {van Bezooijen}, R. and
         {Weingrod}, I. and {Brookner}, R. and {Butcher}, G. and
         {Dougherty}, B. and {Eder}, J. and {Knagenhjelm}, V. and {Larsen}, S. and
         {Mansir}, D. and {Phan}, L. and {Boyle}, P. and {Cheimets}, P.~N. and
         {DeLuca}, E.~E. and {Golub}, L. and {Gates}, R. and {Hertz}, E. and
         {McKillop}, S. and {Park}, S. and {Perry}, T. and {Podgorski}, W.~A. and
         {Reeves}, K. and {Saar}, S. and {Testa}, P. and {Tian}, H. and
         {Weber}, M. and {Dunn}, C. and {Eccles}, S. and {Jaeggli}, S.~A. and
         {Kankelborg}, C.~C. and {Mashburn}, K. and {Pust}, N. and
         {Springer}, L. and {Carvalho}, R. and {Kleint}, L. and {Marmie}, J. and
         {Mazmanian}, E. and {Pereira}, T.~M.~D. and {Sawyer}, S. and
         {Strong}, J. and {Worden}, S.~P. and {Carlsson}, M. and
         {Hansteen}, V.~H. and {Leenaarts}, J. and {Wiesmann}, M. and
         {Aloise}, J. and {Chu}, K. -C. and {Bush}, R.~I. and {Scherrer}, P.~H. and
         {Brekke}, P. and {Martinez-Sykora}, J. and {Lites}, B.~W. and
         {McIntosh}, S.~W. and {Uitenbroek}, H. and {Okamoto}, T.~J. and
         {Gummin}, M.~A. and {Auker}, G. and {Jerram}, P. and {Pool}, P. and
         {Waltham}, N.},
        title = "{The Interface Region Imaging Spectrograph (IRIS)}",
      journal = {SoPh},
     keywords = {Heating, chromospheric, coronal, Chromosphere, models, active, Corona, Magnetic fields, chromosphere, Instrumentation and data management, Spectrum, ultraviolet, Astrophysics - Solar and Stellar Astrophysics},
         year = "2014",
        month = "Jul",
       volume = {289},
       number = {7},
        pages = {2733-2779},
          doi = {10.1007/s11207-014-0485-y},
archivePrefix = {arXiv},
       eprint = {1401.2491},
 primaryClass = {astro-ph.SR},
       adsurl = {https://ui.adsabs.harvard.edu/abs/2014SoPh..289.2733D},
      adsnote = {Provided by the SAO/NASA Astrophysics Data System}
}

@ARTICLE{Leenaarts2013a,
       author = {{Leenaarts}, J. and {Pereira}, T.~M.~D. and {Carlsson}, M. and
         {Uitenbroek}, H. and {De Pontieu}, B.},
        title = "{The Formation of IRIS Diagnostics. I. A Quintessential Model Atom of Mg II and General Formation Properties of the Mg II h\&amp;k Lines}",
      journal = {\apj},
     keywords = {radiative transfer, Sun: atmosphere, Sun: chromosphere, Astrophysics - Solar and Stellar Astrophysics},
         year = "2013",
        month = "Aug",
       volume = {772},
       number = {2},
          eid = {89},
        pages = {89},
          doi = {10.1088/0004-637X/772/2/89},
archivePrefix = {arXiv},
       eprint = {1306.0668},
 primaryClass = {astro-ph.SR},
       adsurl = {https://ui.adsabs.harvard.edu/abs/2013ApJ...772...89L},
      adsnote = {Provided by the SAO/NASA Astrophysics Data System}
}

@ARTICLE{Leenaarts2013b,
       author = {{Leenaarts}, J. and {Pereira}, T.~M.~D. and {Carlsson}, M. and
         {Uitenbroek}, H. and {De Pontieu}, B.},
        title = "{The Formation of IRIS Diagnostics. II. The Formation of the Mg II h\&amp;k Lines in the Solar Atmosphere}",
      journal = {\apj},
     keywords = {radiative transfer, Sun: atmosphere, Sun: chromosphere, Astrophysics - Solar and Stellar Astrophysics},
         year = "2013",
        month = "Aug",
       volume = {772},
       number = {2},
          eid = {90},
        pages = {90},
          doi = {10.1088/0004-637X/772/2/90},
archivePrefix = {arXiv},
       eprint = {1306.0671},
 primaryClass = {astro-ph.SR},
       adsurl = {https://ui.adsabs.harvard.edu/abs/2013ApJ...772...90L},
      adsnote = {Provided by the SAO/NASA Astrophysics Data System}
}

@ARTICLE{Pereira2015,
       author = {{Pereira}, Tiago M.~D. and {Carlsson}, Mats and {De Pontieu}, Bart and
         {Hansteen}, Viggo},
        title = "{The Formation of IRIS Diagnostics. IV. The Mg II Triplet Lines as a New Diagnostic for Lower Chromospheric Heating}",
      journal = {\apj},
     keywords = {Sun: atmosphere, Sun: chromosphere, radiative transfer, Astrophysics - Solar and Stellar Astrophysics},
         year = "2015",
        month = "Jun",
       volume = {806},
       number = {1},
          eid = {14},
        pages = {14},
          doi = {10.1088/0004-637X/806/1/14},
archivePrefix = {arXiv},
       eprint = {1504.01733},
 primaryClass = {astro-ph.SR},
       adsurl = {https://ui.adsabs.harvard.edu/abs/2015ApJ...806...14P},
      adsnote = {Provided by the SAO/NASA Astrophysics Data System}
}

@ARTICLE{Kerr2015,
       author = {{Kerr}, G.~S. and {Sim{\~o}es}, P.~J.~A. and {Qiu}, J. and
         {Fletcher}, L.},
        title = "{IRIS observations of the Mg ii h and k lines during a solar flare}",
      journal = {\aap},
     keywords = {Sun: chromosphere, Sun: flares, Sun: UV radiation, Astrophysics - Solar and Stellar Astrophysics},
         year = "2015",
        month = "Oct",
       volume = {582},
          eid = {A50},
        pages = {A50},
          doi = {10.1051/0004-6361/201526128},
archivePrefix = {arXiv},
       eprint = {1508.03813},
 primaryClass = {astro-ph.SR},
       adsurl = {https://ui.adsabs.harvard.edu/abs/2015A&A...582A..50K},
      adsnote = {Provided by the SAO/NASA Astrophysics Data System}
}

@ARTICLE{Panos2018,
       author = {{Panos}, Brandon and {Kleint}, Lucia and {Huwyler}, Cedric and
         {Krucker}, S{\"a}m and {Melchior}, Martin and {Ullmann}, Denis and
         {Voloshynovskiy}, Sviatoslav},
        title = "{Identifying Typical Mg II Flare Spectra Using Machine Learning}",
      journal = {\apj},
     keywords = {Sun: chromosphere, Sun: flares, Astrophysics - Solar and Stellar Astrophysics},
         year = "2018",
        month = "Jul",
       volume = {861},
       number = {1},
          eid = {62},
        pages = {62},
          doi = {10.3847/1538-4357/aac779},
archivePrefix = {arXiv},
       eprint = {1805.10494},
 primaryClass = {astro-ph.SR},
       adsurl = {https://ui.adsabs.harvard.edu/abs/2018ApJ...861...62P},
      adsnote = {Provided by the SAO/NASA Astrophysics Data System}
}

@ARTICLE{Pereira2015b,
       author = {{Pereira}, Tiago M.~D. and {Uitenbroek}, Han},
        title = "{RH 1.5D: a massively parallel code for multi-level radiative transfer with partial frequency redistribution and Zeeman polarisation}",
      journal = {\aap},
     keywords = {line: formation, methods: numerical, radiative transfer, polarization, stars: atmospheres, Astrophysics - Solar and Stellar Astrophysics, Astrophysics - Instrumentation and Methods for Astrophysics},
         year = "2015",
        month = "Feb",
       volume = {574},
          eid = {A3},
        pages = {A3},
          doi = {10.1051/0004-6361/201424785},
archivePrefix = {arXiv},
       eprint = {1411.1079},
 primaryClass = {astro-ph.SR},
       adsurl = {https://ui.adsabs.harvard.edu/abs/2015A&A...574A...3P},
      adsnote = {Provided by the SAO/NASA Astrophysics Data System}
}

@ARTICLE{Rubio2016,
       author = {{Rubio da Costa}, Fatima and {Kleint}, Lucia and {Petrosian}, Vah{\'e} and
         {Liu}, Wei and {Allred}, Joel C.},
        title = "{Data-driven Radiative Hydrodynamic Modeling of the 2014 March 29 X1.0 Solar Flare}",
      journal = {\apj},
     keywords = {hydrodynamics, line: profiles, radiative transfer, Sun: chromosphere, Sun: flares, Astrophysics - Solar and Stellar Astrophysics},
         year = "2016",
        month = "Aug",
       volume = {827},
       number = {1},
          eid = {38},
        pages = {38},
          doi = {10.3847/0004-637X/827/1/38},
archivePrefix = {arXiv},
       eprint = {1603.04951},
 primaryClass = {astro-ph.SR},
       adsurl = {https://ui.adsabs.harvard.edu/abs/2016ApJ...827...38R},
      adsnote = {Provided by the SAO/NASA Astrophysics Data System}
}

@ARTICLE{Rubio2017,
       author = {{Rubio da Costa}, Fatima and {Kleint}, Lucia},
        title = "{A Parameter Study for Modeling Mg II h and k Emission during Solar Flares}",
      journal = {\apj},
     keywords = {hydrodynamics, line: profiles, radiative transfer, Sun: chromosphere, Sun: flares, Astrophysics - Solar and Stellar Astrophysics},
         year = "2017",
        month = "Jun",
       volume = {842},
       number = {2},
          eid = {82},
        pages = {82},
          doi = {10.3847/1538-4357/aa6eaf},
archivePrefix = {arXiv},
       eprint = {1704.05874},
 primaryClass = {astro-ph.SR},
       adsurl = {https://ui.adsabs.harvard.edu/abs/2017ApJ...842...82R},
      adsnote = {Provided by the SAO/NASA Astrophysics Data System}
}

@ARTICLE{Kerr2016,
       author = {{Kerr}, Graham S. and {Fletcher}, Lyndsay. and {Russell}, Alexand
        er J.~B. and {Allred}, Joel C.},
        title = "{Simulations of the Mg II k and Ca II 8542 lines from an Alfv{\'E}n Wave-heated Flare Chromosphere}",
      journal = {\apj},
     keywords = {methods: numerical, Sun: atmosphere, Sun: chromosphere, Sun: flares, Sun: UV radiation, waves, Astrophysics - Solar and Stellar Astrophysics},
         year = "2016",
        month = "Aug",
       volume = {827},
       number = {2},
          eid = {101},
        pages = {101},
          doi = {10.3847/0004-637X/827/2/101},
archivePrefix = {arXiv},
       eprint = {1605.05888},
 primaryClass = {astro-ph.SR},
       adsurl = {https://ui.adsabs.harvard.edu/abs/2016ApJ...827..101K},
      adsnote = {Provided by the SAO/NASA Astrophysics Data System}
}

@ARTICLE{Li2017,
       author = {{Li}, Y. and {Kelly}, M. and {Ding}, M.~D. and {Qiu}, J. and
         {Zhu}, X.~S. and {Gan}, W.~Q.},
        title = "{Spectroscopic Observations of Magnetic Reconnection and Chromospheric Evaporation in an X-shaped Solar Flare}",
      journal = {\apj},
     keywords = {line: profiles, Sun: chromosphere, Sun: corona, Sun: flares, Sun: UV radiation, Astrophysics - Solar and Stellar Astrophysics},
         year = "2017",
        month = "Oct",
       volume = {848},
       number = {2},
          eid = {118},
        pages = {118},
          doi = {10.3847/1538-4357/aa89e4},
archivePrefix = {arXiv},
       eprint = {1708.08586},
 primaryClass = {astro-ph.SR},
       adsurl = {https://ui.adsabs.harvard.edu/abs/2017ApJ...848..118L},
      adsnote = {Provided by the SAO/NASA Astrophysics Data System}
}

@ARTICLE{Reep2019,
       author = {{Reep}, Jeffrey W. and {Bradshaw}, Stephen J. and {Crump}, Nicholas A. and
         {Warren}, Harry P.},
        title = "{Efficient Calculation of Non-local Thermodynamic Equilibrium Effects in Multithreaded Hydrodynamic Simulations of Solar Flares}",
      journal = {\apj},
     keywords = {Sun: atmosphere, Sun: chromosphere, Sun: corona, Sun: flares, Sun: transition region, Astrophysics - Solar and Stellar Astrophysics},
         year = "2019",
        month = "Jan",
       volume = {871},
       number = {1},
          eid = {18},
        pages = {18},
          doi = {10.3847/1538-4357/aaf580},
archivePrefix = {arXiv},
       eprint = {1806.09574},
 primaryClass = {astro-ph.SR},
       adsurl = {https://ui.adsabs.harvard.edu/abs/2019ApJ...871...18R},
      adsnote = {Provided by the SAO/NASA Astrophysics Data System}
}





@ARTICLE{Kowalski2017a,
       author = {{Kowalski}, Adam F. and {Allred}, Joel C. and {Daw}, Adrian and
         {Cauzzi}, Gianna and {Carlsson}, Mats},
        title = "{The Atmospheric Response to High Nonthermal Electron Beam Fluxes in Solar Flares. I. Modeling the Brightest NUV Footpoints in the X1 Solar Flare of 2014 March 29}",
      journal = {\apj},
     keywords = {Sun: atmosphere, Sun: flares, radiation: dynamics, radiative transfer, Astrophysics - Solar and Stellar Astrophysics},
         year = "2017",
        month = "Feb",
       volume = {836},
       number = {1},
          eid = {12},
        pages = {12},
          doi = {10.3847/1538-4357/836/1/12},
archivePrefix = {arXiv},
       eprint = {1609.07390},
 primaryClass = {astro-ph.SR},
       adsurl = {https://ui.adsabs.harvard.edu/abs/2017ApJ...836...12K},
      adsnote = {Provided by the SAO/NASA Astrophysics Data System}
}

@ARTICLE{Uitenbroek2001,
       author = {{Uitenbroek}, H.},
        title = "{Multilevel Radiative Transfer with Partial Frequency Redistribution}",
      journal = {\apj},
     keywords = {Line: Formation, Methods: Numerical, Radiative Transfer, Stars: Atmospheres, Sun: Atmosphere},
         year = "2001",
        month = "Aug",
       volume = {557},
       number = {1},
        pages = {389-398},
          doi = {10.1086/321659},
       adsurl = {https://ui.adsabs.harvard.edu/abs/2001ApJ...557..389U},
      adsnote = {Provided by the SAO/NASA Astrophysics Data System}
}

@ARTICLE{Struve1934,
       author = {{Struve}, O. and {Pillans}, H.},
        title = "{Si IV in stellar absorption spectra}",
      journal = {The Observatory},
         year = "1934",
        month = "Apr",
       volume = {57},
        pages = {133-135},
       adsurl = {https://ui.adsabs.harvard.edu/abs/1934Obs....57..133S},
      adsnote = {Provided by the SAO/NASA Astrophysics Data System}
}

@ARTICLE{Stalio1975,
       author = {{Stalio}, R. and {Selvelli}, P.~L.},
        title = "{The ultraviolet spectra of epsilon Ori, B0 Ia and kappa Ori, B0.5 Ia.}",
      journal = {\aaps},
         year = "1975",
        month = "Jul",
       volume = {21},
        pages = {241-277},
       adsurl = {https://ui.adsabs.harvard.edu/abs/1975A&AS...21..241S},
      adsnote = {Provided by the SAO/NASA Astrophysics Data System}
}

@ARTICLE{Imhoff1980,
       author = {{Imhoff}, C.~L. and {Giampapa}, M.~S.},
        title = "{The ultraviolet spectrum of the T Tau star RW Aur.}",
      journal = {\apj},
     keywords = {Emission Spectra, Iue, Spectrum Analysis, Stellar Spectrophotometry, T Tauri Stars, Ultraviolet Spectra, Balmer Series, Chromium, Chromosphere, Iron, Magnesium, Optical Thickness, Silicon, Solar Atmosphere, Spectral Energy Distribution, Stellar Mass Ejection, Stellar Temperature, Astrophysics},
         year = "1980",
        month = "Aug",
       volume = {239},
        pages = {L115-L119},
          doi = {10.1086/183305},
       adsurl = {https://ui.adsabs.harvard.edu/abs/1980ApJ...239L.115I},
      adsnote = {Provided by the SAO/NASA Astrophysics Data System}
}

@ARTICLE{Saxner1981,
       author = {{Saxner}, M.},
        title = "{Transition region structure in F dwarfs.}",
      journal = {\aap},
     keywords = {Dwarf Stars, F Stars, Stellar Atmospheres, Stellar Spectra, Ultraviolet Astronomy, Emission Spectra, Iue, Line Spectra, Stellar Rotation, Astrophysics},
         year = "1981",
        month = "Dec",
       volume = {104},
        pages = {240-248},
       adsurl = {https://ui.adsabs.harvard.edu/abs/1981A&A...104..240S},
      adsnote = {Provided by the SAO/NASA Astrophysics Data System}
}

@ARTICLE{Oranje1982,
       author = {{Oranje}, B.~J. and {Zwaan}, C. and {Middelkoop}, F.},
        title = "{Magnetic structure in cool stars. V. Chronospheric and transition-region emission from giants.}",
      journal = {\aap},
     keywords = {Chromosphere, Cool Stars, Giant Stars, Spectral Emission, Stellar Coronas, Stellar Magnetic Fields, Stellar Temperature, Binary Stars, Iue, K Stars, Late Stars, Stellar Spectra, Ultraviolet Spectra, Astrophysics},
         year = "1982",
        month = "Jun",
       volume = {110},
        pages = {30-36},
       adsurl = {https://ui.adsabs.harvard.edu/abs/1982A&A...110...30O},
      adsnote = {Provided by the SAO/NASA Astrophysics Data System}
}

@ARTICLE{Jordan1969,
       author = {{Jordan}, Carole},
        title = "{The ionization equilibrium of elements between carbon and nickel}",
      journal = {\mnras},
         year = "1969",
        month = "Jan",
       volume = {142},
        pages = {501},
          doi = {10.1093/mnras/142.4.501},
       adsurl = {https://ui.adsabs.harvard.edu/abs/1969MNRAS.142..501J},
      adsnote = {Provided by the SAO/NASA Astrophysics Data System}
}

@ARTICLE{Brueckner1973,
       author = {{Brueckner}, G.~E. and {Nicolas}, K.~R.},
        title = "{Extreme Ultraviolet Emission from Chromospheric Inhomogeneities. An Analysis of the Extreme Ultraviolet Flash Spectrum of the Sun}",
      journal = {\solphys},
         year = "1973",
        month = "Apr",
       volume = {29},
       number = {2},
        pages = {301-315},
          doi = {10.1007/BF00150808},
       adsurl = {https://ui.adsabs.harvard.edu/abs/1973SoPh...29..301B},
      adsnote = {Provided by the SAO/NASA Astrophysics Data System}
}




@INPROCEEDINGS{Brueckner1972,
       author = {{Brueckner}, G.~E. and {Moe}, O.~K.},
        title = "{High angular resolution absolute intensity of the solar continuum from 1400 {\r{A}} to 1790 {\r{A}}.}",
    booktitle = {Space Research Conference},
         year = "1972",
       volume = {2},
        month = "Jan",
        pages = {1595-1602},
       adsurl = {https://ui.adsabs.harvard.edu/abs/1972spre.conf.1595B},
      adsnote = {Provided by the SAO/NASA Astrophysics Data System}
}

@ARTICLE{Doschek1976,
       author = {{Doschek}, G.~A. and {Feldman}, U. and {Vanhoosier}, M.~E. and
         {Bartoe}, J. -D.~F.},
        title = "{The emission-line spectrum above the limb of the quiet sun: 1175 - 1940 {\r{A}}.}",
      journal = {\apjs},
     keywords = {Line Spectra, Solar Limb, Solar Spectra, Spaceborne Astronomy, Ultraviolet Spectra, Emission Spectra, Skylab Program, Spectroheliographs, Solar Physics},
         year = "1976",
        month = "Jul",
       volume = {31},
        pages = {417-443},
          doi = {10.1086/190386},
       adsurl = {https://ui.adsabs.harvard.edu/abs/1976ApJS...31..417D},
      adsnote = {Provided by the SAO/NASA Astrophysics Data System}
}

@ARTICLE{Feldman1976,
       author = {{Feldman}, U. and {Doschek}, G.~A. and {Vanhoosier}, M.~E. and
         {Purcell}, J.~D.},
        title = "{The emission-line spectrum above the limb of a solar coronal hole: 1175 - 1940 {\r{A}}.}",
      journal = {\apjs},
     keywords = {Line Spectra, Solar Corona, Solar Limb, Solar Spectra, Ultraviolet Spectra, Skylab Program, Spaceborne Astronomy, Spectroheliographs, Solar Physics},
         year = "1976",
        month = "Jul",
       volume = {31},
        pages = {445-466},
          doi = {10.1086/190387},
       adsurl = {https://ui.adsabs.harvard.edu/abs/1976ApJS...31..445F},
      adsnote = {Provided by the SAO/NASA Astrophysics Data System}
}

@ARTICLE{Feldman1976b,
       author = {{Feldman}, U. and {Doschek}, G.~A. and {Patterson}, N.~P.},
        title = "{The quiet sun chromospheric network observed from Skylab.}",
      journal = {\apj},
     keywords = {Astronomical Spectroscopy, Chromosphere, Solar Granulation, Solar Spectra, Spaceborne Astronomy, Ultraviolet Spectra, Electron Density (Concentration), Electron Energy, Line Spectra, Skylab Program, Solar Activity, Solar Limb, Spectral Line Width, Solar Physics},
         year = "1976",
        month = "Oct",
       volume = {209},
        pages = {270-281},
          doi = {10.1086/154718},
       adsurl = {https://ui.adsabs.harvard.edu/abs/1976ApJ...209..270F},
      adsnote = {Provided by the SAO/NASA Astrophysics Data System}
}

@ARTICLE{Feldman1977b,
       author = {{Feldman}, U. and {Doschek}, G.~A.},
        title = "{A search for a turbulent-free region in the solar transition zone.}",
      journal = {\apj},
     keywords = {Atmospheric Turbulence, Solar Prominences, Solar Spectra, Ultraviolet Spectra, Ion Temperature, Line Spectra, Optical Thickness, Solar Flux Density, Spaceborne Astronomy, Thermodynamic Equilibrium, Solar Physics},
         year = "1977",
        month = "Sep",
       volume = {216},
        pages = {L119-L121},
          doi = {10.1086/182524},
       adsurl = {https://ui.adsabs.harvard.edu/abs/1977ApJ...216L.119F},
      adsnote = {Provided by the SAO/NASA Astrophysics Data System}
}

@ARTICLE{Mariska1978,
       author = {{Mariska}, J.~T. and {Feldman}, U. and {Doschek}, G.~A.},
        title = "{Measurements of extreme-ultraviolet emission-line profiles near the solar limb.}",
      journal = {\apj},
     keywords = {Astronomical Spectroscopy, Chromosphere, Far Ultraviolet Radiation, Solar Limb, Solar Spectra, Atmospheric Models, Emission Spectra, Line Spectra, Mass Flow, Skylab Program, Solar Temperature, Spectral Line Width, Spectrographs, Spicules, Velocity Measurement, Solar Physics, Extreme UV:Solar Spectrum, Line Profiles:Solar Spectrum},
         year = "1978",
        month = "Dec",
       volume = {226},
        pages = {698-705},
          doi = {10.1086/156652},
       adsurl = {https://ui.adsabs.harvard.edu/abs/1978ApJ...226..698M},
      adsnote = {Provided by the SAO/NASA Astrophysics Data System}
}

@ARTICLE{Roussel-Dupre1979,
       author = {{Roussel-Dupre}, R. and {Billings}, D.~E. and {Francis}, M.~H.},
        title = "{Limb broadening of quiet Sun transition zone lines from OSO-8 observations.}",
      journal = {\mnras},
     keywords = {Solar Limb, Solar Spectra, Spectral Line Width, Line Spectra, Optical Thickness, Oso-8, Silicon, Solar Physics, Emission Lines:Solar Spectrum},
         year = "1979",
        month = "Apr",
       volume = {187},
        pages = {9-15},
          doi = {10.1093/mnras/187.1.9},
       adsurl = {https://ui.adsabs.harvard.edu/abs/1979MNRAS.187....9R},
      adsnote = {Provided by the SAO/NASA Astrophysics Data System}
}

@ARTICLE{Shine1976,
       author = {{Shine}, R.~A. and {Roussel-Dupre}, D. and {Bruner}, E.~C., Jr. and
         {Chipman}, E.~G. and {Lites}, B.~W. and {Rottman}, G.~J. and
         {Athay}, R.~G. and {White}, O.~R.},
        title = "{Preliminary results from the Orbiting Solar Observatory 8: observations of optically thin lines.}",
      journal = {\apj},
     keywords = {Chromosphere, Line Spectra, Oso-8, Solar Corona, Solar Limb, Solar Spectra, Normal Density Functions, Optical Thickness, Solar Atmosphere, Solar Cells, Solar Physics},
         year = "1976",
        month = "Dec",
       volume = {210},
        pages = {L107-L110},
          doi = {10.1086/182314},
       adsurl = {https://ui.adsabs.harvard.edu/abs/1976ApJ...210L.107S},
      adsnote = {Provided by the SAO/NASA Astrophysics Data System}
}

@ARTICLE{Francis1977,
       author = {{Francis}, M.~H. and {Roussel-Dupre}, R.},
        title = "{The Si IV {\ensuremath{\lambda}} 1393 line in a coronal hole compared to the quiet Sun from OSO-8 observations}",
      journal = {\solphys},
     keywords = {Silicon, Solar Corona, Spaceborne Astronomy, Ultraviolet Spectroscopy, Emission Spectra, Luminous Intensity, Oso-8, Spectral Line Width, Solar Physics, Extreme UV:Solar Corona, Solar Coronal Holes},
         year = "1977",
        month = "Aug",
       volume = {53},
       number = {2},
        pages = {465-470},
          doi = {10.1007/BF00160289},
       adsurl = {https://ui.adsabs.harvard.edu/abs/1977SoPh...53..465F},
      adsnote = {Provided by the SAO/NASA Astrophysics Data System}
}

@ARTICLE{Doschek1981,
       author = {{Doschek}, G.~A. and {Mariska}, John T. and {Feldman}, U.},
        title = "{Mass motions in optically thin solar transition zone lines}",
      journal = {\mnras},
         year = "1981",
        month = "Apr",
       volume = {195},
        pages = {107-114},
          doi = {10.1093/mnras/195.2.107},
       adsurl = {https://ui.adsabs.harvard.edu/abs/1981MNRAS.195..107D},
      adsnote = {Provided by the SAO/NASA Astrophysics Data System}
}

@ARTICLE{Feldman1977c,
       author = {{Feldman}, U. and {Doschek}, G.~A.},
        title = "{A search for a turbulent-free region in the solar transition zone.}",
      journal = {\apj},
     keywords = {Atmospheric Turbulence, Solar Prominences, Solar Spectra, Ultraviolet Spectra, Ion Temperature, Line Spectra, Optical Thickness, Solar Flux Density, Spaceborne Astronomy, Thermodynamic Equilibrium, Solar Physics},
         year = "1977",
        month = "Sep",
       volume = {216},
        pages = {L119-L121},
          doi = {10.1086/182524},
       adsurl = {https://ui.adsabs.harvard.edu/abs/1977ApJ...216L.119F},
      adsnote = {Provided by the SAO/NASA Astrophysics Data System}
}

@ARTICLE{Roussel-Dupre1981,
       author = {{Roussel-Dupre}, R. and {Beerman}, C.},
        title = "{Effects of diffusion and mass flows on C IV and SI IV lines formed in the solar atmosphere}",
      journal = {\apj},
     keywords = {Atmospheric Models, Ionic Diffusion, Mass Flow, Solar Atmosphere, Solar Spectra, Ultraviolet Spectra, Abundance, Carbon Isotopes, Line Spectra, Silicon Isotopes, Tables (Data), Solar Physics},
         year = "1981",
        month = "Nov",
       volume = {250},
        pages = {408-422},
          doi = {10.1086/159389},
       adsurl = {https://ui.adsabs.harvard.edu/abs/1981ApJ...250..408R},
      adsnote = {Provided by the SAO/NASA Astrophysics Data System}
}

@ARTICLE{Gebbie1981,
       author = {{Gebbie}, K.~B. and {Hill}, F. and {November}, L.~J. and
         {Gurman}, J.~B. and {Shine}, R.~A. and {Woodgate}, B.~E. and
         {Athay}, R.~G. and {Tandberg-Hanssen}, E.~A. and {Toomre}, J. and
         {Simon}, G.~W.},
        title = "{Steady flows in the solar transition region observed with SMM}",
      journal = {\apj},
     keywords = {Chromosphere, Satellite Observation, Solar Atmosphere, Solar Maximum Mission, Steady Flow, Ultraviolet Spectroscopy, Line Shape, Photosphere, Polarimeters, Solar Corona, Solar Limb, Solar Physics},
         year = "1981",
        month = "Dec",
       volume = {251},
        pages = {L115-L118},
          doi = {10.1086/183705},
       adsurl = {https://ui.adsabs.harvard.edu/abs/1981ApJ...251L.115G},
      adsnote = {Provided by the SAO/NASA Astrophysics Data System}
}

@PHDTHESIS{Porter1984,
       author = {{Porter}, J.~G.},
        title = "{Ultraviolet Spectral Diagnostics of Solar Flares and Heating Events.}",
     keywords = {Physics: Astronomy and Astrophysics, Solar Atmosphere, Solar Flares, Solar Maximum Mission, Ultraviolet Spectra, Energy Dissipation, Helium, Resonance, Spatial Resolution, Spectroheliographs, Spectrum Analysis, Temporal Resolution, Solar Physics},
       school = {Colorado Univ., Boulder.},
         year = "1984",
        month = "Sep",
       adsurl = {https://ui.adsabs.harvard.edu/abs/1984PhDT.........3P},
      adsnote = {Provided by the SAO/NASA Astrophysics Data System}
}

@ARTICLE{Doschek1997,
       author = {{Doschek}, G.~A. and {Mariska}, J.~T. and {Warren}, H.~P. and
         {Wilhelm}, K. and {Lemaire}, P. and {Kucera}, T. and {Sch{\"u}hle}, U.},
        title = "{Determination of the Formation Temperature of Si IV in the Solar Transition Region}",
      journal = {\apj},
     keywords = {SUN: TRANSITION REGION, ULTRAVIOLET: STARS, Sun: Transition Region, Ultraviolet: Stars},
         year = "1997",
        month = "Mar",
       volume = {477},
       number = {2},
        pages = {L119-L122},
          doi = {10.1086/310529},
       adsurl = {https://ui.adsabs.harvard.edu/abs/1997ApJ...477L.119D},
      adsnote = {Provided by the SAO/NASA Astrophysics Data System}
}

@ARTICLE{Tian2014,
       author = {{Tian}, Hui and {Li}, Gang and {Reeves}, Katharine K. and
         {Raymond}, John C. and {Guo}, Fan and {Liu}, Wei and {Chen}, Bin and
         {Murphy}, Nicholas A.},
        title = "{Imaging and Spectroscopic Observations of Magnetic Reconnection and Chromospheric Evaporation in a Solar Flare}",
      journal = {\apj},
     keywords = {line: profiles, magnetic reconnection, Sun: chromosphere, Sun: flares, Sun: transition region, Astrophysics - Solar and Stellar Astrophysics},
         year = "2014",
        month = "Dec",
       volume = {797},
       number = {2},
          eid = {L14},
        pages = {L14},
          doi = {10.1088/2041-8205/797/2/L14},
archivePrefix = {arXiv},
       eprint = {1411.2301},
 primaryClass = {astro-ph.SR},
       adsurl = {https://ui.adsabs.harvard.edu/abs/2014ApJ...797L..14T},
      adsnote = {Provided by the SAO/NASA Astrophysics Data System}
}

@ARTICLE{LiD2017,
       author = {{Li}, D. and {Ning}, Z.~J. and {Huang}, Y. and {Zhang}, Q.~M.},
        title = "{Explosive Chromospheric Evaporation Driven by Nonthermal Electrons around One Footpoint of a Solar Flare Loop}",
      journal = {\apj},
     keywords = {line: profiles, Sun: flares, Sun: radio radiation, Sun: UV radiation, Sun: X-rays, gamma rays, Astrophysics - Solar and Stellar Astrophysics},
         year = "2017",
        month = "May",
       volume = {841},
       number = {1},
          eid = {L9},
        pages = {L9},
          doi = {10.3847/2041-8213/aa71b0},
archivePrefix = {arXiv},
       eprint = {1705.02448},
 primaryClass = {astro-ph.SR},
       adsurl = {https://ui.adsabs.harvard.edu/abs/2017ApJ...841L...9L},
      adsnote = {Provided by the SAO/NASA Astrophysics Data System}
}

@ARTICLE{Warren2016,
       author = {{Warren}, Harry P. and {Reep}, Jeffrey W. and {Crump}, Nicholas A. and
         {Sim{\~o}es}, Paulo J.~A.},
        title = "{Transition Region and Chromospheric Signatures of Impulsive Heating Events. I. Observations}",
      journal = {\apj},
     keywords = {Sun: corona, Sun: transition region, Astrophysics - Solar and Stellar Astrophysics},
         year = "2016",
        month = "Sep",
       volume = {829},
       number = {1},
          eid = {35},
        pages = {35},
          doi = {10.3847/0004-637X/829/1/35},
archivePrefix = {arXiv},
       eprint = {1606.09045},
 primaryClass = {astro-ph.SR},
       adsurl = {https://ui.adsabs.harvard.edu/abs/2016ApJ...829...35W},
      adsnote = {Provided by the SAO/NASA Astrophysics Data System}
}

@ARTICLE{Reep2016,
       author = {{Reep}, Jeffrey W. and {Warren}, Harry P. and {Crump}, Nicholas A. and
         {Sim{\~o}es}, Paulo J.~A.},
        title = "{Transition Region and Chromospheric Signatures of Impulsive Heating Events. II. Modeling}",
      journal = {\apj},
     keywords = {Sun: corona, Sun: flares, Sun: transition region, Astrophysics - Solar and Stellar Astrophysics},
         year = "2016",
        month = "Aug",
       volume = {827},
       number = {2},
          eid = {145},
        pages = {145},
          doi = {10.3847/0004-637X/827/2/145},
archivePrefix = {arXiv},
       eprint = {1607.06684},
 primaryClass = {astro-ph.SR},
       adsurl = {https://ui.adsabs.harvard.edu/abs/2016ApJ...827..145R},
      adsnote = {Provided by the SAO/NASA Astrophysics Data System}
}

@ARTICLE{Zhang2016,
       author = {{Zhang}, Q.~M. and {Li}, D. and {Ning}, Z.~J.},
        title = "{Chromospheric Condensation and Quasi-periodic Pulsations in a Circular-ribbon Flare}",
      journal = {\apj},
     keywords = {Sun: chromosphere, Sun: corona, Sun: flares, Sun: X-rays, gamma rays, techniques: spectroscopic, Astrophysics - Solar and Stellar Astrophysics},
         year = "2016",
        month = "Nov",
       volume = {832},
       number = {1},
          eid = {65},
        pages = {65},
          doi = {10.3847/0004-637X/832/1/65},
archivePrefix = {arXiv},
       eprint = {1609.03165},
 primaryClass = {astro-ph.SR},
       adsurl = {https://ui.adsabs.harvard.edu/abs/2016ApJ...832...65Z},
      adsnote = {Provided by the SAO/NASA Astrophysics Data System}
}

@ARTICLE{Polito2016,
       author = {{Polito}, V. and {Reep}, J.~W. and {Reeves}, K.~K. and
         {Sim{\~o}es}, P.~J.~A. and {Dud{\'\i}k}, J. and {Del Zanna}, G. and
         {Mason}, H.~E. and {Golub}, L.},
        title = "{Simultaneous IRIS and Hinode/EIS Observations and Modelling of the 2014 October 27 X2.0 Class Flare}",
      journal = {\apj},
     keywords = {Sun: chromosphere, Sun: flares, techniques: spectroscopic, Astrophysics - Solar and Stellar Astrophysics},
         year = "2016",
        month = "Jan",
       volume = {816},
       number = {2},
          eid = {89},
        pages = {89},
          doi = {10.3847/0004-637X/816/2/89},
archivePrefix = {arXiv},
       eprint = {1512.06378},
 primaryClass = {astro-ph.SR},
       adsurl = {https://ui.adsabs.harvard.edu/abs/2016ApJ...816...89P},
      adsnote = {Provided by the SAO/NASA Astrophysics Data System}
}

@ARTICLE{Brosius2015,
       author = {{Brosius}, Jeffrey W. and {Daw}, Adrian N.},
        title = "{Quasi-periodic Fluctuations and Chromospheric Evaporation in a Solar Flare Ribbon Observed by IRIS}",
      journal = {\apj},
     keywords = {Sun: activity, Sun: chromosphere, Sun: flares, Sun: UV radiation},
         year = "2015",
        month = "Sep",
       volume = {810},
       number = {1},
          eid = {45},
        pages = {45},
          doi = {10.1088/0004-637X/810/1/45},
       adsurl = {https://ui.adsabs.harvard.edu/abs/2015ApJ...810...45B},
      adsnote = {Provided by the SAO/NASA Astrophysics Data System}
}

@ARTICLE{Lee2017,
       author = {{Lee}, Kyoung-Sun and {Imada}, Shinsuke and {Watanabe}, Kyoko and
         {Bamba}, Yumi and {Brooks}, David H.},
        title = "{IRIS, Hinode, SDO, and RHESSI Observations of a White Light Flare Produced Directly by Nonthermal Electrons}",
      journal = {\apj},
     keywords = {Sun: activity, Sun: chromosphere, Sun: corona, Sun: flares, Sun: UV radiation, techniques: spectroscopic, Astrophysics - Solar and Stellar Astrophysics},
         year = "2017",
        month = "Feb",
       volume = {836},
       number = {2},
          eid = {150},
        pages = {150},
          doi = {10.3847/1538-4357/aa5b8b},
archivePrefix = {arXiv},
       eprint = {1701.06286},
 primaryClass = {astro-ph.SR},
       adsurl = {https://ui.adsabs.harvard.edu/abs/2017ApJ...836..150L},
      adsnote = {Provided by the SAO/NASA Astrophysics Data System}
}

@ARTICLE{Brannon2016,
       author = {{Brannon}, Sean R.},
        title = "{Observation and Analysis of Ballistic Downflows in an M-class Flare with the Interface Region Imaging Spectrograph}",
      journal = {\apj},
     keywords = {Sun: chromosphere, Sun: corona, Sun: flares},
         year = "2016",
        month = "Dec",
       volume = {833},
       number = {1},
          eid = {101},
        pages = {101},
          doi = {10.3847/1538-4357/833/1/101},
       adsurl = {https://ui.adsabs.harvard.edu/abs/2016ApJ...833..101B},
      adsnote = {Provided by the SAO/NASA Astrophysics Data System}
}

@ARTICLE{Dere1997,
       author = {{Dere}, K.~P. and {Landi}, E. and {Mason}, H.~E. and
         {Monsignori Fossi}, B.~C. and {Young}, P.~R.},
        title = "{CHIANTI - an atomic database for emission lines}",
      journal = {\aaps},
     keywords = {ATOMIC DATA, ASTRONOMICAL DATA BASES: MISCELLANEOUS, ULTRAVIOLET: GENERAL, SUN: ATMOSPHERE, STARS: ATMOSPHERE},
         year = "1997",
        month = "Oct",
       volume = {125},
        pages = {149-173},
          doi = {10.1051/aas:1997368},
       adsurl = {https://ui.adsabs.harvard.edu/abs/1997A&AS..125..149D},
      adsnote = {Provided by the SAO/NASA Astrophysics Data System}
}

@ARTICLE{Landi2013,
       author = {{Landi}, E. and {Young}, P.~R. and {Dere}, K.~P. and {Del Zanna}, G. and
         {Mason}, H.~E.},
        title = "{CHIANTI{\textemdash}An Atomic Database for Emission Lines. XIII. Soft X-Ray Improvements and Other Changes}",
      journal = {\apj},
     keywords = {atomic data, atomic processes, Sun: UV radiation, Sun: X-rays, gamma rays, ultraviolet: general, X-rays: general},
         year = "2013",
        month = "Feb",
       volume = {763},
       number = {2},
          eid = {86},
        pages = {86},
          doi = {10.1088/0004-637X/763/2/86},
       adsurl = {https://ui.adsabs.harvard.edu/abs/2013ApJ...763...86L},
      adsnote = {Provided by the SAO/NASA Astrophysics Data System}
}

@ARTICLE{Kerr2019,
       author = {{Kerr}, Graham S. and {Carlsson}, Mats and {Allred}, Joel C. and
         {Young}, Peter R. and {Daw}, Adrian N.},
        title = "{SI IV Resonance Line Emission during Solar Flares: Non-LTE, Nonequilibrium, Radiation Transfer Simulations}",
      journal = {\apj},
     keywords = {line: formation, methods: numerical, radiative transfer, Sun: flares, Sun: transition region, Sun: UV radiation, Astrophysics - Solar and Stellar Astrophysics},
         year = "2019",
        month = "Jan",
       volume = {871},
       number = {1},
          eid = {23},
        pages = {23},
          doi = {10.3847/1538-4357/aaf46e},
archivePrefix = {arXiv},
       eprint = {1811.11075},
 primaryClass = {astro-ph.SR},
       adsurl = {https://ui.adsabs.harvard.edu/abs/2019ApJ...871...23K},
      adsnote = {Provided by the SAO/NASA Astrophysics Data System}
}


@ARTICLE{Detwiler1961,
       author = {{Detwiler}, C.~R. and {Garrett}, D.~L. and {Purcell}, J.~P. and
         {Tousey}, R.},
        title = "{The intensity distribution in the ultraviolet solar spectrum}",
      journal = {Annales de Geophysique},
         year = "1961",
        month = "Jan",
       volume = {17},
        pages = {263},
       adsurl = {https://ui.adsabs.harvard.edu/abs/1961AnG....17..263D},
      adsnote = {Provided by the SAO/NASA Astrophysics Data System}
}

@ARTICLE{Praderie1980,
       author = {{Praderie}, F. and {Talavera}, A. and {Lamers}, H.~J.~G.~L.~M.},
        title = "{Resonance line profiles in A type supergiants from IUE and Copernicus spectra.}",
      journal = {\aap},
     keywords = {A Stars, Resonance, Spectral Line Width, Stellar Envelopes, Stellar Mass Ejection, Supergiant Stars, Ultraviolet Spectra, Abundance, High Resolution, Iue, Line Spectra, Oao 3, Radial Velocity, Stellar Spectra, Velocity Distribution, Astrophysics},
         year = "1980",
        month = "Jun",
       volume = {86},
        pages = {271-282},
       adsurl = {https://ui.adsabs.harvard.edu/abs/1980A&A....86..271P},
      adsnote = {Provided by the SAO/NASA Astrophysics Data System}
}

@ARTICLE{Freire1979,
       author = {{Freire}, R.},
        title = "{High resolution profiles in A-type stars. III Vega C II and Si II UV lines observed with the Copernicus satellite.}",
      journal = {\aap},
     keywords = {A Stars, Atmospheric Models, Oao 3, Spectrum Analysis, Stellar Atmospheres, Ultraviolet Spectra, Chromosphere, Computation, High Resolution, Observation, Spectral Resolution, Stellar Rotation, Stellar Temperature, Thermodynamic Equilibrium, Astrophysics, A Stars:Chromospheres, A Stars:UV Spectra},
         year = "1979",
        month = "Sep",
       volume = {78},
        pages = {148-158},
       adsurl = {https://ui.adsabs.harvard.edu/abs/1979A&A....78..148F},
      adsnote = {Provided by the SAO/NASA Astrophysics Data System}
}

@ARTICLE{Berger1970,
       author = {{Berger}, R.~A. and {Bruner}, E.~C. and {Stevens}, R.~J., Jr.},
        title = "{Solar C ii resonance line profiles}",
      journal = {\solphys},
         year = "1970",
        month = "Jun",
       volume = {12},
       number = {3},
        pages = {370-378},
          doi = {10.1007/BF00148020},
       adsurl = {https://ui.adsabs.harvard.edu/abs/1970SoPh...12..370B},
      adsnote = {Provided by the SAO/NASA Astrophysics Data System}
}

@ARTICLE{Lites1978,
       author = {{Lites}, B.~W. and {Shine}, R.~A. and {Chipman}, E.~G.},
        title = "{Line formation in the solar chromosphere. I. The C II resonance lines observed with OSO 8.}",
      journal = {\apj},
     keywords = {Chromosphere, Line Spectra, Oso-8, Solar Spectra, Solar Temperature, Atmospheric Heating, Carbon, Emission Spectra, Fine Structure, Lyman Spectra, Spaceborne Astronomy, Stellar Models, Temperature Distribution, Ultraviolet Spectra, Solar Physics, Carbon Lines:Solar Chromosphere, Line Formation:Solar Chromosphere, Solar Chromosphere:UV Spectra},
         year = "1978",
        month = "May",
       volume = {222},
        pages = {333-341},
          doi = {10.1086/156146},
       adsurl = {https://ui.adsabs.harvard.edu/abs/1978ApJ...222..333L},
      adsnote = {Provided by the SAO/NASA Astrophysics Data System}
}

@ARTICLE{Chipman1978,
       author = {{Chipman}, E.~G.},
        title = "{OSO 8 observations of wave propagation in the solar chromosphere and transition region.}",
      journal = {\apj},
     keywords = {Chromosphere, Oso-8, Satellite Observation, Solar Corona, Solar Spectra, Wave Propagation, Line Spectra, P Waves, Phase Shift, Propagation Velocity, Ultraviolet Spectrometers, Solar Physics, Solar Chromosphere:Motions, Sun: Transition Regions},
         year = "1978",
        month = "Sep",
       volume = {224},
        pages = {671-676},
          doi = {10.1086/156415},
       adsurl = {https://ui.adsabs.harvard.edu/abs/1978ApJ...224..671C},
      adsnote = {Provided by the SAO/NASA Astrophysics Data System}
}

@ARTICLE{Kamp1982,
       author = {{Kamp}, L.~W.},
        title = "{IUE observations of SI and C lines and comparison with non-LTE models.}",
      journal = {\apjs},
     keywords = {Carbon, Early Stars, Line Spectra, Photosphere, Silicon, Stellar Atmospheres, Stellar Spectra, Ultraviolet Spectra, Absorption Spectra, Abundance, B Stars, Iue, O Stars, Spectral Line Width, Spectrum Analysis, Stellar Gravitation, Stellar Temperature, Astrophysics},
         year = "1982",
        month = "Apr",
       volume = {48},
        pages = {415-436},
          doi = {10.1086/190784},
       adsurl = {https://ui.adsabs.harvard.edu/abs/1982ApJS...48..415K},
      adsnote = {Provided by the SAO/NASA Astrophysics Data System}
}

@ARTICLE{Doyle1992,
       author = {{Doyle}, J.~G. and {Phillips}, K.~J.~H.},
        title = "{Excitation of the solar flare far-ultraviolet continuum by line irradiation}",
      journal = {\aap},
     keywords = {Continuous Spectra, Far Ultraviolet Radiation, Solar Flares, Solar Spectra, Carbon, Silicon, Skylab Program, Solar Cycles, Solar Physics},
         year = "1992",
        month = "Apr",
       volume = {257},
       number = {2},
        pages = {773-776},
       adsurl = {https://ui.adsabs.harvard.edu/abs/1992A&A...257..773D},
      adsnote = {Provided by the SAO/NASA Astrophysics Data System}
}

@ARTICLE{Brekke1996,
       author = {{Brekke}, P. and {Rottman}, G.~J. and {Fontenla}, J. and {Judge}, P.~G.},
        title = "{The Ultraviolet Spectrum of a 3B Class Flare Observed with SOLSTICE}",
      journal = {\apj},
     keywords = {SUN: FLARES, SUN: TRANSITION REGION, SUN: UV RADIATION, SUN: X-RAYS, GAMMA RAYS},
         year = "1996",
        month = "Sep",
       volume = {468},
        pages = {418},
          doi = {10.1086/177701},
       adsurl = {https://ui.adsabs.harvard.edu/abs/1996ApJ...468..418B},
      adsnote = {Provided by the SAO/NASA Astrophysics Data System}
}

@ARTICLE{Schrijver1987,
       author = {{Schrijver}, C.~J.},
        title = "{Solar active regions - Radiative intensities and large-scale parameters of the magnetic field}",
      journal = {\aap},
     keywords = {Magnetic Flux, Radiant Flux Density, Solar Activity, Solar Magnetic Field, Magnetic Signatures, Plasma Heating, Spectroheliographs, Sunspots, Ultraviolet Spectra, Solar Physics},
         year = "1987",
        month = "Jun",
       volume = {180},
       number = {1-2},
        pages = {241-252},
       adsurl = {https://ui.adsabs.harvard.edu/abs/1987A&A...180..241S},
      adsnote = {Provided by the SAO/NASA Astrophysics Data System}
}

@ARTICLE{Rathore2015a,
       author = {{Rathore}, Bhavna and {Carlsson}, Mats},
        title = "{The Formation of IRIS Diagnostics. V. A Quintessential Model Atom of C II and General Formation Properties of the C II Lines at 133.5 nm}",
      journal = {\apj},
     keywords = {line: formation, radiative transfer, Sun: atmosphere, Sun: chromosphere, Sun: transition region, Astrophysics - Solar and Stellar Astrophysics},
         year = "2015",
        month = "Oct",
       volume = {811},
       number = {2},
          eid = {80},
        pages = {80},
          doi = {10.1088/0004-637X/811/2/80},
archivePrefix = {arXiv},
       eprint = {1508.04365},
 primaryClass = {astro-ph.SR},
       adsurl = {https://ui.adsabs.harvard.edu/abs/2015ApJ...811...80R},
      adsnote = {Provided by the SAO/NASA Astrophysics Data System}
}

@ARTICLE{Rathore2015b,
       author = {{Rathore}, Bhavna and {Carlsson}, Mats and {Leenaarts}, Jorrit and
         {De Pontieu}, Bart},
        title = "{The Formation of IRIS Diagnostics. VI. The Diagnostic Potential of the C II Lines at 133.5 nm in the Solar Atmosphere}",
      journal = {\apj},
     keywords = {radiative transfer, Sun: atmosphere, Sun: chromosphere, Sun: transition region, Sun: UV radiation, Astrophysics - Solar and Stellar Astrophysics},
         year = "2015",
        month = "Oct",
       volume = {811},
       number = {2},
          eid = {81},
        pages = {81},
          doi = {10.1088/0004-637X/811/2/81},
archivePrefix = {arXiv},
       eprint = {1508.04423},
 primaryClass = {astro-ph.SR},
       adsurl = {https://ui.adsabs.harvard.edu/abs/2015ApJ...811...81R},
      adsnote = {Provided by the SAO/NASA Astrophysics Data System}
}


@ARTICLE{Rathore2015c,
       author = {{Rathore}, Bhavna and {Pereira}, Tiago M.~D. and {Carlsson}, Mats and
         {De Pontieu}, Bart},
        title = "{The Formation of Iris Diagnostics. VIII. Iris Observations in the C II 133.5 nm Multiplet.}",
      journal = {\apj},
     keywords = {Sun: atmosphere, Sun: chromosphere, Sun: transition region, Astrophysics - Solar and Stellar Astrophysics},
         year = "2015",
        month = "Nov",
       volume = {814},
       number = {1},
          eid = {70},
        pages = {70},
          doi = {10.1088/0004-637X/814/1/70},
archivePrefix = {arXiv},
       eprint = {1510.04845},
 primaryClass = {astro-ph.SR},
       adsurl = {https://ui.adsabs.harvard.edu/abs/2015ApJ...814...70R},
      adsnote = {Provided by the SAO/NASA Astrophysics Data System}
}


@ARTICLE{Sadykov2016,
       author = {{Sadykov}, Viacheslav M. and {Kosovichev}, Alexander G. and
         {Sharykin}, Ivan N. and {Zimovets}, Ivan V. and
         {Vargas Dominguez}, Santiago},
        title = "{Relationship Between Chromospheric Evaporation and Magnetic Field Topology in an M-Class Solar Flare}",
      journal = {\apj},
     keywords = {Sun: activity, Sun: chromosphere, Sun: flares, Sun: magnetic fields, Sun: UV radiation, techniques: spectroscopic, Astrophysics - Solar and Stellar Astrophysics},
         year = "2016",
        month = "Sep",
       volume = {828},
       number = {1},
          eid = {4},
        pages = {4},
          doi = {10.3847/0004-637X/828/1/4},
archivePrefix = {arXiv},
       eprint = {1604.05346},
 primaryClass = {astro-ph.SR},
       adsurl = {https://ui.adsabs.harvard.edu/abs/2016ApJ...828....4S},
      adsnote = {Provided by the SAO/NASA Astrophysics Data System}
}

@ARTICLE{Sadykov2015,
       author = {{Sadykov}, Viacheslav M. and {Vargas Dominguez}, Santiago and
         {Kosovichev}, Alexander G. and {Sharykin}, Ivan N. and
         {Struminsky}, Alexei B. and {Zimovets}, Ivan},
        title = "{Properties of Chromospheric Evaporation and Plasma Dynamics of a Solar Flare from Iris}",
      journal = {\apj},
     keywords = {magnetic fields, Sun: activity, Sun: atmosphere, Sun: flares, Sun: UV radiation, Astrophysics - Solar and Stellar Astrophysics},
         year = "2015",
        month = "Jun",
       volume = {805},
       number = {2},
          eid = {167},
        pages = {167},
          doi = {10.1088/0004-637X/805/2/167},
archivePrefix = {arXiv},
       eprint = {1412.0172},
 primaryClass = {astro-ph.SR},
       adsurl = {https://ui.adsabs.harvard.edu/abs/2015ApJ...805..167S},
      adsnote = {Provided by the SAO/NASA Astrophysics Data System}
}

@ARTICLE{Battaglia2015,
       author = {{Battaglia}, Marina and {Kleint}, Lucia and {Krucker}, S{\"a}m and
         {Graham}, David},
        title = "{How Important Are Electron Beams in Driving Chromospheric Evaporation in the 2014 March 29 Flare?}",
      journal = {\apj},
     keywords = {Sun: chromosphere, Sun: flares, Sun: UV radiation, Sun: X-rays, gamma rays, Astrophysics - Solar and Stellar Astrophysics},
         year = "2015",
        month = "Nov",
       volume = {813},
       number = {2},
          eid = {113},
        pages = {113},
          doi = {10.1088/0004-637X/813/2/113},
archivePrefix = {arXiv},
       eprint = {1509.09186},
 primaryClass = {astro-ph.SR},
       adsurl = {https://ui.adsabs.harvard.edu/abs/2015ApJ...813..113B},
      adsnote = {Provided by the SAO/NASA Astrophysics Data System}
}

@ARTICLE{Brosius2017,
       author = {{Brosius}, Jeffrey W. and {Inglis}, Andrew R.},
        title = "{Explosive Chromospheric Evaporation and Warm Rain in a C3.1 Flare Observed by IRIS, Hinode/EIS, and RHESSI}",
      journal = {\apj},
     keywords = {Sun: activity, Sun: chromosphere, Sun: flares, Sun: UV radiation, Sun: X-rays, gamma rays},
         year = "2017",
        month = "Oct",
       volume = {848},
       number = {1},
          eid = {39},
        pages = {39},
          doi = {10.3847/1538-4357/aa8a68},
       adsurl = {https://ui.adsabs.harvard.edu/abs/2017ApJ...848...39B},
      adsnote = {Provided by the SAO/NASA Astrophysics Data System}
}

@ARTICLE{Gupta2018,
       author = {{Gupta}, G.~R. and {Sarkar}, Aveek and {Tripathi}, Durgesh},
        title = "{Observation and Modeling of Chromospheric Evaporation in a Coronal Loop Related to Active Region Transient Brightening}",
      journal = {\apj},
     keywords = {hydrodynamics, Sun: corona, Sun: flares, Sun: transition region, Sun: UV radiation, Astrophysics - Solar and Stellar Astrophysics},
         year = "2018",
        month = "Apr",
       volume = {857},
       number = {2},
          eid = {137},
        pages = {137},
          doi = {10.3847/1538-4357/aab95e},
archivePrefix = {arXiv},
       eprint = {1803.11172},
 primaryClass = {astro-ph.SR},
       adsurl = {https://ui.adsabs.harvard.edu/abs/2018ApJ...857..137G},
      adsnote = {Provided by the SAO/NASA Astrophysics Data System}
}

@ARTICLE{Brosius2018,
       author = {{Brosius}, Jeffrey W. and {Inglis}, Andrew R.},
        title = "{Localized Quasi-periodic Fluctuations in C II, Si IV, and Fe XXI Emission during Chromospheric Evaporation in a Flare Ribbon Observed by IRIS on 2017 September 9}",
      journal = {\apj},
     keywords = {Sun: activity, Sun: chromosphere, Sun: flares, Sun: UV radiation, Sun: X-rays, gamma rays},
         year = "2018",
        month = "Nov",
       volume = {867},
       number = {2},
          eid = {85},
        pages = {85},
          doi = {10.3847/1538-4357/aae5f5},
       adsurl = {https://ui.adsabs.harvard.edu/abs/2018ApJ...867...85B},
      adsnote = {Provided by the SAO/NASA Astrophysics Data System}
}

@ARTICLE{Abbett1999,
       author = {{Abbett}, William P. and {Hawley}, Suzanne L.},
        title = "{Dynamic Models of Optical Emission in Impulsive Solar Flares}",
      journal = {\apj},
     keywords = {METHODS: NUMERICAL, RADIATIVE TRANSFER, SUN: CHROMOSPHERE, SUN: FLARES, Methods: Numerical, Radiative Transfer, Sun: Chromosphere, Sun: Flares},
         year = "1999",
        month = "Aug",
       volume = {521},
       number = {2},
        pages = {906-919},
          doi = {10.1086/307576},
       adsurl = {https://ui.adsabs.harvard.edu/abs/1999ApJ...521..906A},
      adsnote = {Provided by the SAO/NASA Astrophysics Data System}
}

@ARTICLE{Gustafsson1973,
       author = {{Gustafsson}, B.},
      journal = {Uppsala Astron. Obs. Ann.},
         year = "1973",
       volume = {5},
       number = {6},
}


@ARTICLE{Rybicki1991,
       author = {{Rybicki}, G.~B. and {Hummer}, D.~G.},
        title = "{An accelerated lambda iteration method for multilevel radiative transfer.}",
      journal = {\aap},
     keywords = {Iterative Solution, Local Thermodynamic Equilibrium, Radiative Transfer, Stellar Atmospheres, Computational Astrophysics, Helium Atoms, Statistical Analysis, Astrophysics},
         year = "1991",
        month = "May",
       volume = {245},
        pages = {171-181},
       adsurl = {https://ui.adsabs.harvard.edu/abs/1991A&A...245..171R},
      adsnote = {Provided by the SAO/NASA Astrophysics Data System}
}

@ARTICLE{Leenaarts2012,
       author = {{Leenaarts}, J. and {Pereira}, T. and {Uitenbroek}, H.},
        title = "{Fast approximation of angle-dependent partial redistribution in moving atmospheres}",
      journal = {\aap},
     keywords = {radiative transfer, methods: numerical, Astrophysics - Solar and Stellar Astrophysics, Astrophysics - Instrumentation and Methods for Astrophysics},
         year = "2012",
        month = "Jul",
       volume = {543},
          eid = {A109},
        pages = {A109},
          doi = {10.1051/0004-6361/201219394},
archivePrefix = {arXiv},
       eprint = {1205.5110},
 primaryClass = {astro-ph.SR},
       adsurl = {https://ui.adsabs.harvard.edu/abs/2012A&A...543A.109L},
      adsnote = {Provided by the SAO/NASA Astrophysics Data System}
}

@misc{STARK-B,
  author = {{Sahal-Bréchot}, S. and {Dimitrijevic}, M.S. and {Moreau} N.},
  title = {STARK-B database},
  howpublished = {\url{http://stark-b.obspm.fr}},
  note = {[May 30, 2019]. Observatory of Paris, LERMA and Astronomical Observatory of Belgrade},
  year= "2019"
}

@ARTICLE{Brechot1969a,
   author = {{Sahal-Brechot}, S.},
    title = "{Impact Theory of the Broadening and Shift of Spectral Lines due to Electrons and Ions in a Plasma}",
  journal = {\aap},
     year = 1969,
    month = jan,
   volume = 1,
    pages = {91},
   adsurl = {https://ui.adsabs.harvard.edu/abs/1969A%26A.....1...91S},
  adsnote = {Provided by the SAO/NASA Astrophysics Data System}
}

@ARTICLE{Brechot1969b,
   author = {{Sahal-Brechot}, S.},
    title = "{Impact Theory of the Broadening and Shift of Spectral Lines due to Electrons and Ions in a Plasma (Continued)}",
  journal = {\aap},
     year = 1969,
    month = jul,
   volume = 2,
    pages = {322},
   adsurl = {https://ui.adsabs.harvard.edu/abs/1969A%26A.....2..322S},
  adsnote = {Provided by the SAO/NASA Astrophysics Data System}
}

@ARTICLE{Weisskopf1932,
       author = {{Weisskopf}, V.},
        title = "{Zur Theorie der Kopplungsbreite und der Sto{\ss}d{\"a}mpfung}",
      journal = {Zeitschrift fur Physik},
         year = "1932",
        month = "May",
       volume = {75},
       number = {5-6},
        pages = {287-301},
          doi = {10.1007/BF01341858},
       adsurl = {https://ui.adsabs.harvard.edu/abs/1932ZPhy...75..287W},
      adsnote = {Provided by the SAO/NASA Astrophysics Data System}
}

@ARTICLE{Holtsmark1919,
       author = {{Holtsmark}, J.},
        title = "{{\"U}ber die Verbreiterung von Spektrallinien}",
      journal = {Annalen der Physik},
         year = "1919",
        month = "Jan",
       volume = {363},
       number = {7},
        pages = {577-630},
          doi = {10.1002/andp.19193630702},
       adsurl = {https://ui.adsabs.harvard.edu/abs/1919AnP...363..577H},
      adsnote = {Provided by the SAO/NASA Astrophysics Data System}
}

@ARTICLE{Foley1946,
       author = {{Foley}, H.~M.},
        title = "{The Pressure Broadening of Spectral Lines}",
      journal = {Physical Review},
         year = "1946",
        month = "Jun",
       volume = {69},
       number = {11-12},
        pages = {616-628},
          doi = {10.1103/PhysRev.69.616},
       adsurl = {https://ui.adsabs.harvard.edu/abs/1946PhRv...69..616F},
      adsnote = {Provided by the SAO/NASA Astrophysics Data System}
}

@ARTICLE{Lindholm1945,
       author = {{Lindholm}, E.},
        title = "{The Pressure Broadening of Spectral Lines}",
      journal = {Ark.f.mat., och fys.},
         year = "1945",
       volume = {32A},
       number = {17},
}

@ARTICLE{Traving1960,
       author = {{Traving}, G.},
        title = "{Buchbesprechung {\"u}ber: {\"U}ber die Theorie der Druckverbreiterung von Spektrallinien. (Ref. W. R. HINDMARSH)}",
      journal = {Zeitschrift fur Astrophysik},
         year = "1960",
        month = "Jan",
       volume = {49},
        pages = {231},
       adsurl = {https://ui.adsabs.harvard.edu/abs/1960ZA.....49..231T},
      adsnote = {Provided by the SAO/NASA Astrophysics Data System}
}

@ARTICLE{Fleurier1977,
       author = {{Fleurier}, C.},
        title = "{Stark profiles of some ion lines of alkaline earth elements}",
      journal = {\jqsrt},
         year = "1977",
        month = "May",
       volume = {17},
       number = {5},
        pages = {595-603},
          doi = {10.1016/0022-4073(77)90019-X},
       adsurl = {https://ui.adsabs.harvard.edu/abs/1977JQSRT..17..595F},
      adsnote = {Provided by the SAO/NASA Astrophysics Data System}
}

@ARTICLE{Brechot2011,
       author = {{Sahal-Br{\'e}chot}, Sylvie and {Dimitrijevi{\'c}}, Milan S. and
         {Ben Nessib}, Nebil},
        title = "{Comparisons and Comments on Electron and Ion Impact Profiles of Spectral Lines}",
      journal = {Baltic Astronomy},
     keywords = {atomic data, atomic processes, line:  profiles, astronomical databases, Astrophysics - Solar and Stellar Astrophysics},
         year = "2011",
        month = "Jan",
       volume = {20},
        pages = {523-530},
          doi = {10.1515/astro-2017-0331},
archivePrefix = {arXiv},
       eprint = {1201.2022},
 primaryClass = {astro-ph.SR},
       adsurl = {https://ui.adsabs.harvard.edu/abs/2011BaltA..20..523S},
      adsnote = {Provided by the SAO/NASA Astrophysics Data System}
}

@ARTICLE{Jones1972,
       author = {{Jones}, W.~W. and {Sanchez}, A. and {Greig}, J.~R. and {Griem}, Hans R.},
        title = "{Measurement and Calculation of the Stark-Broadening Parameters for the Resonance Lines of Singly Ionized Calcium and Magnesium}",
      journal = {\pra},
         year = "1972",
        month = "Jun",
       volume = {5},
       number = {6},
        pages = {2318-2328},
          doi = {10.1103/PhysRevA.5.2318},
       adsurl = {https://ui.adsabs.harvard.edu/abs/1972PhRvA...5.2318J},
      adsnote = {Provided by the SAO/NASA Astrophysics Data System}
}

@ARTICLE{Bukvic2004,
       author = {{Bukvi{\'c}}, S. and {Sre{\'c}kovi{\'c}}, A. and {Djeni{\v{z}}e}, S.},
        title = "{Mg II h and k lines Stark parameters}",
      journal = {New Astronomy},
     keywords = {Plasmas, Line: profiles, Atomic data, 32.70.-n, Intensities and shapes of atomic spectral lines},
         year = "2004",
        month = "Oct",
       volume = {9},
       number = {8},
        pages = {629-633},
          doi = {10.1016/j.newast.2004.04.002},
       adsurl = {https://ui.adsabs.harvard.edu/abs/2004NewA....9..629B},
      adsnote = {Provided by the SAO/NASA Astrophysics Data System}
}

@ARTICLE{Lemen2012,
       author = {{Lemen}, James R. and {Title}, Alan M. and {Akin}, David J. and
         {Boerner}, Paul F. and {Chou}, Catherine and {Drake}, Jerry F. and
         {Duncan}, Dexter W. and {Edwards}, Christopher G. and
         {Friedlaender}, Frank M. and {Heyman}, Gary F. and {Hurlburt}, Neal E. and
         {Katz}, Noah L. and {Kushner}, Gary D. and {Levay}, Michael and
         {Lindgren}, Russell W. and {Mathur}, Dnyanesh P. and
         {McFeaters}, Edward L. and {Mitchell}, Sarah and {Rehse}, Roger A. and
         {Schrijver}, Carolus J. and {Springer}, Larry A. and
         {Stern}, Robert A. and {Tarbell}, Theodore D. and
         {Wuelser}, Jean-Pierre and {Wolfson}, C. Jacob and {Yanari}, Carl and
         {Bookbinder}, Jay A. and {Cheimets}, Peter N. and {Caldwell}, David and
         {Deluca}, Edward E. and {Gates}, Richard and {Golub}, Leon and
         {Park}, Sang and {Podgorski}, William A. and {Bush}, Rock I. and
         {Scherrer}, Philip H. and {Gummin}, Mark A. and {Smith}, Peter and
         {Auker}, Gary and {Jerram}, Paul and {Pool}, Peter and
         {Soufli}, Regina and {Windt}, David L. and {Beardsley}, Sarah and
         {Clapp}, Matthew and {Lang}, James and {Waltham}, Nicholas},
        title = "{The Atmospheric Imaging Assembly (AIA) on the Solar Dynamics Observatory (SDO)}",
      journal = {\solphys},
     keywords = {Solar corona, Solar instrumentation, Solar imaging, Extreme ultraviolet},
         year = "2012",
        month = "Jan",
       volume = {275},
       number = {1-2},
        pages = {17-40},
          doi = {10.1007/s11207-011-9776-8},
       adsurl = {https://ui.adsabs.harvard.edu/abs/2012SoPh..275...17L},
      adsnote = {Provided by the SAO/NASA Astrophysics Data System}
}

@ARTICLE{Lin2002,
       author = {{Lin}, R.~P. and {Dennis}, B.~R. and {Hurford}, G.~J. and
         {Smith}, D.~M. and {Zehnder}, A. and {Harvey}, P.~R. and
         {Curtis}, D.~W. and {Pankow}, D. and {Turin}, P. and {Bester}, M. and
         {Csillaghy}, A. and {Lewis}, M. and {Madden}, N. and {van Beek}, H.~F. and
         {Appleby}, M. and {Raudorf}, T. and {McTiernan}, J. and {Ramaty}, R. and
         {Schmahl}, E. and {Schwartz}, R. and {Krucker}, S. and {Abiad}, R. and
         {Quinn}, T. and {Berg}, P. and {Hashii}, M. and {Sterling}, R. and
         {Jackson}, R. and {Pratt}, R. and {Campbell}, R.~D. and {Malone}, D. and
         {Landis}, D. and {Barrington-Leigh}, C.~P. and {Slassi-Sennou}, S. and
         {Cork}, C. and {Clark}, D. and {Amato}, D. and {Orwig}, L. and
         {Boyle}, R. and {Banks}, I.~S. and {Shirey}, K. and {Tolbert}, A.~K. and
         {Zarro}, D. and {Snow}, F. and {Thomsen}, K. and {Henneck}, R. and
         {McHedlishvili}, A. and {Ming}, P. and {Fivian}, M. and {Jordan}, John and
         {Wanner}, Richard and {Crubb}, Jerry and {Preble}, J. and
         {Matranga}, M. and {Benz}, A. and {Hudson}, H. and {Canfield}, R.~C. and
         {Holman}, G.~D. and {Crannell}, C. and {Kosugi}, T. and
         {Emslie}, A.~G. and {Vilmer}, N. and {Brown}, J.~C. and
         {Johns-Krull}, C. and {Aschwanden}, M. and {Metcalf}, T. and
         {Conway}, A.},
        title = "{The Reuven Ramaty High-Energy Solar Spectroscopic Imager (RHESSI)}",
      journal = {\solphys},
         year = "2002",
        month = "Nov",
       volume = {210},
       number = {1},
        pages = {3-32},
          doi = {10.1023/A:1022428818870},
       adsurl = {https://ui.adsabs.harvard.edu/abs/2002SoPh..210....3L},
      adsnote = {Provided by the SAO/NASA Astrophysics Data System}
}

@ARTICLE{Heinzel2014,
       author = {{Heinzel}, P. and {Kleint}, L.},
        title = "{Hydrogen Balmer Continuum in Solar Flares Detected by the Interface Region Imaging Spectrograph (IRIS)}",
      journal = {\apj},
     keywords = {Sun: flares, techniques: spectroscopic, Astrophysics - Solar and Stellar Astrophysics},
         year = "2014",
        month = "Oct",
       volume = {794},
       number = {2},
          eid = {L23},
        pages = {L23},
          doi = {10.1088/2041-8205/794/2/L23},
archivePrefix = {arXiv},
       eprint = {1409.5680},
 primaryClass = {astro-ph.SR},
       adsurl = {https://ui.adsabs.harvard.edu/abs/2014ApJ...794L..23H},
      adsnote = {Provided by the SAO/NASA Astrophysics Data System}
}

@ARTICLE{Judge2014,
       author = {{Judge}, Philip G. and {Kleint}, Lucia and {Donea}, Alina and
         {Sainz Dalda}, Alberto and {Fletcher}, Lyndsay},
        title = "{On the Origin of a Sunquake during the 2014 March 29 X1 Flare}",
      journal = {\apj},
     keywords = {Sun: atmosphere, Sun: chromosphere, Sun: corona, Sun: flares, Sun: magnetic fields, Astrophysics - Solar and Stellar Astrophysics},
         year = "2014",
        month = "Dec",
       volume = {796},
       number = {2},
          eid = {85},
        pages = {85},
          doi = {10.1088/0004-637X/796/2/85},
archivePrefix = {arXiv},
       eprint = {1409.6268},
 primaryClass = {astro-ph.SR},
       adsurl = {https://ui.adsabs.harvard.edu/abs/2014ApJ...796...85J},
      adsnote = {Provided by the SAO/NASA Astrophysics Data System}
}

@ARTICLE{Young2015,
       author = {{Young}, Peter R. and {Tian}, Hui and {Jaeggli}, Sarah},
        title = "{The 2014 March 29 X-flare: Subarcsecond Resolution Observations of Fe XXI {\ensuremath{\lambda}}1354.1}",
      journal = {\apj},
     keywords = {Sun: activity, Sun: chromosphere, Sun: corona, Sun: flares, Sun: UV radiation, Astrophysics - Solar and Stellar Astrophysics},
         year = "2015",
        month = "Feb",
       volume = {799},
       number = {2},
          eid = {218},
        pages = {218},
          doi = {10.1088/0004-637X/799/2/218},
archivePrefix = {arXiv},
       eprint = {1409.8603},
 primaryClass = {astro-ph.SR},
       adsurl = {https://ui.adsabs.harvard.edu/abs/2015ApJ...799..218Y},
      adsnote = {Provided by the SAO/NASA Astrophysics Data System}
}

@ARTICLE{Aschwanden2015,
       author = {{Aschwanden}, Markus J.},
        title = "{Magnetic Energy Dissipation during the 2014 March 29 Solar Flare}",
      journal = {\apj},
     keywords = {magnetic fields, plasmas, radiation mechanisms: thermal, Sun: flares, Sun: UV radiation, Astrophysics - Solar and Stellar Astrophysics},
         year = "2015",
        month = "May",
       volume = {804},
       number = {1},
          eid = {L20},
        pages = {L20},
          doi = {10.1088/2041-8205/804/1/L20},
archivePrefix = {arXiv},
       eprint = {1504.03301},
 primaryClass = {astro-ph.SR},
       adsurl = {https://ui.adsabs.harvard.edu/abs/2015ApJ...804L..20A},
      adsnote = {Provided by the SAO/NASA Astrophysics Data System}
}

@ARTICLE{Kleint2015,
       author = {{Kleint}, Lucia and {Battaglia}, Marina and {Reardon}, Kevin and
         {Sainz Dalda}, Alberto and {Young}, Peter R. and {Krucker}, S{\"a}m},
        title = "{The Fast Filament Eruption Leading to the X-flare on 2014 March 29}",
      journal = {\apj},
     keywords = {Sun: flares, Sun: filaments, prominences, Astrophysics - Solar and Stellar Astrophysics},
         year = "2015",
        month = "Jun",
       volume = {806},
       number = {1},
          eid = {9},
        pages = {9},
          doi = {10.1088/0004-637X/806/1/9},
archivePrefix = {arXiv},
       eprint = {1504.00515},
 primaryClass = {astro-ph.SR},
       adsurl = {https://ui.adsabs.harvard.edu/abs/2015ApJ...806....9K},
      adsnote = {Provided by the SAO/NASA Astrophysics Data System}
}


@ARTICLE{LiuC2015,
       author = {{Liu}, Chang and {Deng}, Na and {Liu}, Rui and {Lee}, Jeongwoo and
         {Pariat}, {\'E}tienne and {Wiegelmann}, Thomas and {Liu}, Yang and
         {Kleint}, Lucia and {Wang}, Haimin},
        title = "{A Circular-ribbon Solar Flare Following an Asymmetric Filament Eruption}",
      journal = {\apj},
     keywords = {Sun: activity, Sun: flares, Sun: magnetic fields, Sun: X-rays, gamma rays, Astrophysics - Solar and Stellar Astrophysics},
         year = "2015",
        month = "Oct",
       volume = {812},
       number = {2},
          eid = {L19},
        pages = {L19},
          doi = {10.1088/2041-8205/812/2/L19},
archivePrefix = {arXiv},
       eprint = {1509.08414},
 primaryClass = {astro-ph.SR},
       adsurl = {https://ui.adsabs.harvard.edu/abs/2015ApJ...812L..19L},
      adsnote = {Provided by the SAO/NASA Astrophysics Data System}
}

@ARTICLE{Battaglia2015,
       author = {{Battaglia}, Marina and {Kleint}, Lucia and {Krucker}, S{\"a}m and
         {Graham}, David},
        title = "{How Important Are Electron Beams in Driving Chromospheric Evaporation in the 2014 March 29 Flare?}",
      journal = {\apj},
     keywords = {Sun: chromosphere, Sun: flares, Sun: UV radiation, Sun: X-rays, gamma rays, Astrophysics - Solar and Stellar Astrophysics},
         year = "2015",
        month = "Nov",
       volume = {813},
       number = {2},
          eid = {113},
        pages = {113},
          doi = {10.1088/0004-637X/813/2/113},
archivePrefix = {arXiv},
       eprint = {1509.09186},
 primaryClass = {astro-ph.SR},
       adsurl = {https://ui.adsabs.harvard.edu/abs/2015ApJ...813..113B},
      adsnote = {Provided by the SAO/NASA Astrophysics Data System}
}

@ARTICLE{Kleint2016,
       author = {{Kleint}, Lucia and {Heinzel}, Petr and {Judge}, Phil and
         {Krucker}, S{\"a}m},
        title = "{Continuum Enhancements in the Ultraviolet, the Visible and the Infrared during the X1 Flare on 2014 March 29}",
      journal = {\apj},
     keywords = {Sun: flares, techniques: spectroscopic, Astrophysics - Solar and Stellar Astrophysics},
         year = "2016",
        month = "Jan",
       volume = {816},
       number = {2},
          eid = {88},
        pages = {88},
          doi = {10.3847/0004-637X/816/2/88},
archivePrefix = {arXiv},
       eprint = {1511.04161},
 primaryClass = {astro-ph.SR},
       adsurl = {https://ui.adsabs.harvard.edu/abs/2016ApJ...816...88K},
      adsnote = {Provided by the SAO/NASA Astrophysics Data System}
}

@ARTICLE{Woods2018,
       author = {{Woods}, Magnus M. and {Inoue}, Satoshi and {Harra}, Louise K. and
         {Matthews}, Sarah A. and {Kusano}, Kanya and {Kalmoni}, Nadine M.~E.},
        title = "{The Triggering of the 2014 March 29 Filament Eruption}",
      journal = {\apj},
     keywords = {Sun: activity, Sun: filaments, prominences, Sun: flares, Sun: magnetic fields, Astrophysics - Solar and Stellar Astrophysics},
         year = "2018",
        month = "Jun",
       volume = {860},
       number = {2},
          eid = {163},
        pages = {163},
          doi = {10.3847/1538-4357/aac5e1},
archivePrefix = {arXiv},
       eprint = {1805.05976},
 primaryClass = {astro-ph.SR},
       adsurl = {https://ui.adsabs.harvard.edu/abs/2018ApJ...860..163W},
      adsnote = {Provided by the SAO/NASA Astrophysics Data System}
}

@ARTICLE{Polito2018,
       author = {{Polito}, Vanessa and {Galan}, Giselle and {Reeves}, Katharine K. and
         {Musset}, Sophie},
        title = "{Possible Signatures of a Termination Shock in the 2014 March 29 X-class Flare Observed by IRIS}",
      journal = {\apj},
     keywords = {line: profiles, Sun: activity, Sun: flares, Sun: UV radiation, techniques: spectroscopic},
         year = "2018",
        month = "Oct",
       volume = {865},
       number = {2},
          eid = {161},
        pages = {161},
          doi = {10.3847/1538-4357/aadada},
       adsurl = {https://ui.adsabs.harvard.edu/abs/2018ApJ...865..161P},
      adsnote = {Provided by the SAO/NASA Astrophysics Data System}
}

@ARTICLE{Rodriguez2019,
       author = {{de la Cruz Rodr{\'\i}guez}, J. and {Leenaarts}, J. and {Danilovic}, S. and
         {Uitenbroek}, H.},
        title = "{STiC: A multiatom non-LTE PRD inversion code for full-Stokes solar observations}",
      journal = {\aap},
     keywords = {Sun: chromosphere, radiative transfer, polarization, Sun: magnetic fields, stars: atmospheres, Astrophysics - Solar and Stellar Astrophysics, Astrophysics - Instrumentation and Methods for Astrophysics},
         year = "2019",
        month = "Mar",
       volume = {623},
          eid = {A74},
        pages = {A74},
          doi = {10.1051/0004-6361/201834464},
archivePrefix = {arXiv},
       eprint = {1810.08441},
 primaryClass = {astro-ph.SR},
       adsurl = {https://ui.adsabs.harvard.edu/abs/2019A&A...623A..74D},
      adsnote = {Provided by the SAO/NASA Astrophysics Data System}
}

@ARTICLE{Rodriguez2016,
       author = {{de la Cruz Rodr{\'\i}guez}, Jaime and {Leenaarts}, Jorrit and
         {Asensio Ramos}, Andr{\'e}s},
        title = "{Non-LTE Inversions of the Mg II h \&amp; k and UV Triplet Lines}",
      journal = {\apj},
     keywords = {Sun: atmosphere, Sun: chromosphere, polarization, radiative transfer, Astrophysics - Solar and Stellar Astrophysics},
         year = "2016",
        month = "Oct",
       volume = {830},
       number = {2},
          eid = {L30},
        pages = {L30},
          doi = {10.3847/2041-8205/830/2/L30},
archivePrefix = {arXiv},
       eprint = {1609.09527},
 primaryClass = {astro-ph.SR},
       adsurl = {https://ui.adsabs.harvard.edu/abs/2016ApJ...830L..30D},
      adsnote = {Provided by the SAO/NASA Astrophysics Data System}
}

@ARTICLE{Zhu2019,
       author = {{Zhu}, Yingjie and {Kowalski}, Adam F. and {Tian}, Hui and
         {Uitenbroek}, Han and {Carlsson}, Mats and {Allred}, Joel C.},
        title = "{Modeling Mg II h, k and Triplet Lines at Solar Flare Ribbons}",
      journal = {arXiv e-prints},
     keywords = {Astrophysics - Solar and Stellar Astrophysics},
         year = "2019",
        month = "Apr",
          eid = {arXiv:1904.12285},
        pages = {arXiv:1904.12285},
archivePrefix = {arXiv},
       eprint = {1904.12285},
 primaryClass = {astro-ph.SR},
       adsurl = {https://ui.adsabs.harvard.edu/abs/2019arXiv190412285Z},
      adsnote = {Provided by the SAO/NASA Astrophysics Data System}
}

@ARTICLE{Ballester2016,
       author = {{Alsina Ballester}, E. and {Belluzzi}, L. and {Trujillo Bueno}, J.},
        title = "{The Magnetic Sensitivity of the Mg II k Line to the Joint Action of Hanle, Zeeman, and Magneto-optical Effects}",
      journal = {\apj},
     keywords = {line: profiles, polarization, radiative transfer, scattering, stars: atmospheres, Sun: chromosphere, Astrophysics - Solar and Stellar Astrophysics},
         year = "2016",
        month = "Nov",
       volume = {831},
       number = {2},
          eid = {L15},
        pages = {L15},
          doi = {10.3847/2041-8205/831/2/L15},
archivePrefix = {arXiv},
       eprint = {1610.00649},
 primaryClass = {astro-ph.SR},
       adsurl = {https://ui.adsabs.harvard.edu/abs/2016ApJ...831L..15A},
      adsnote = {Provided by the SAO/NASA Astrophysics Data System}
}

@BOOK{Aschwanden2004a,
       author = {{Aschwanden}, Markus J.},
        title = "{Physics of the Solar Corona. An Introduction}",
         year = "2004",
       adsurl = {https://ui.adsabs.harvard.edu/abs/2004psci.book.....A},
      adsnote = {Provided by the SAO/NASA Astrophysics Data System}
}

@ARTICLE{Aschwanden2004b,
       author = {{Aschwanden}, Markus J.},
        title = "{Pulsed Particle Injection in a Reconnection-Driven Dynamic Trap Model in Solar Flares}",
      journal = {\apj},
     keywords = {Sun: Flares, Sun: Magnetic Fields, Sun: Particle Emission, Sun: X-Rays, Gamma Rays},
         year = "2004",
        month = "Jun",
       volume = {608},
       number = {1},
        pages = {554-561},
          doi = {10.1086/392494},
       adsurl = {https://ui.adsabs.harvard.edu/abs/2004ApJ...608..554A},
      adsnote = {Provided by the SAO/NASA Astrophysics Data System}
}


@ARTICLE{Chandrasekhar1947,
       author = {{Chandrasekhar}, S.},
        title = "{On the Radiative Equilibrium of a Stellar Atmosphere. XV.}",
      journal = {\apj},
         year = "1947",
        month = "May",
       volume = {105},
        pages = {424},
          doi = {10.1086/144917},
       adsurl = {https://ui.adsabs.harvard.edu/abs/1947ApJ...105..424C},
      adsnote = {Provided by the SAO/NASA Astrophysics Data System}
}

@ARTICLE{Rybicki1996,
       author = {{Rybicki}, George B.},
        title = "{Radiative Transfer}",
      journal = {Journal of Astrophysics and Astronomy},
         year = "1996",
        month = "Dec",
       volume = {17},
        pages = {95},
          doi = {10.1007/BF02702299},
       adsurl = {https://ui.adsabs.harvard.edu/abs/1996JApA...17...95R},
      adsnote = {Provided by the SAO/NASA Astrophysics Data System}
}

@ARTICLE{Chaouche2012,
       author = {{Yelles Chaouche}, L. and {Kuckein}, C. and {Mart{\'\i}nez Pillet}, V. and
         {Moreno-Insertis}, F.},
        title = "{The Three-dimensional Structure of an Active Region Filament as Extrapolated from Photospheric and Chromospheric Observations}",
      journal = {\apj},
     keywords = {Sun: activity, Sun: filaments, prominences, Sun: magnetic topology, Astrophysics - Solar and Stellar Astrophysics},
         year = "2012",
        month = "Mar",
       volume = {748},
       number = {1},
          eid = {23},
        pages = {23},
          doi = {10.1088/0004-637X/748/1/23},
archivePrefix = {arXiv},
       eprint = {1201.2456},
 primaryClass = {astro-ph.SR},
       adsurl = {https://ui.adsabs.harvard.edu/abs/2012ApJ...748...23Y},
      adsnote = {Provided by the SAO/NASA Astrophysics Data System}
}

@INPROCEEDINGS{Avrett1994,
       author = {{Avrett}, E.~H. and {Fontenla}, J.~M. and {Loeser}, R.},
        title = "{Formation of the Solar 10830 Angstrom Line}",
    booktitle = {Infrared Solar Physics},
         year = "1994",
       editor = {{Rabin}, D.~M. and {Jefferies}, John T. and {Lindsey}, C.},
       series = {IAU Symposium},
       volume = {154},
        month = "Jan",
        pages = {35},
       adsurl = {https://ui.adsabs.harvard.edu/abs/1994IAUS..154...35A},
      adsnote = {Provided by the SAO/NASA Astrophysics Data System}
}

@ARTICLE{Anan2018,
       author = {{Anan}, Tetsu and {Yoneya}, Takurou and {Ichimoto}, Kiyoshi and
         {UeNo}, Satoru and {Shiota}, Daikou and {Nozawa}, Satoshi and
         {Takasao}, Shinsuke and {Kawate}, Tomoko},
        title = "{Measurement of vector magnetic field in a flare kernel with a spectropolarimetric observation in He I 10830 {\r{A}}}",
      journal = {PASJ},
     keywords = {polarization, Sun: chromosphere, Sun: flares, Sun: magnetic fields, Astrophysics - Solar and Stellar Astrophysics},
         year = "2018",
        month = "Dec",
       volume = {70},
       number = {6},
          eid = {101},
        pages = {101},
          doi = {10.1093/pasj/psy105},
archivePrefix = {arXiv},
       eprint = {1808.06821},
 primaryClass = {astro-ph.SR},
       adsurl = {https://ui.adsabs.harvard.edu/abs/2018PASJ...70..101A},
      adsnote = {Provided by the SAO/NASA Astrophysics Data System}
}

@ARTICLE{Libbrecht2019,
       author = {{Libbrecht}, Tine and {de la Cruz Rodr{\'\i}guez}, Jaime and
         {Danilovic}, Sanja and {Leenaarts}, Jorrit and {Pazira}, Hiva},
        title = "{Chromospheric condensations and magnetic field in a C3.6-class flare studied via He I D$_{3}$ spectro-polarimetry}",
      journal = {\aap},
     keywords = {Sun: flares, Sun: atmosphere, Sun: activity, Sun: magnetic fields, radiative transfer, line: formation, Astrophysics - Solar and Stellar Astrophysics},
         year = "2019",
        month = "Jan",
       volume = {621},
          eid = {A35},
        pages = {A35},
          doi = {10.1051/0004-6361/201833610},
archivePrefix = {arXiv},
       eprint = {1806.06880},
 primaryClass = {astro-ph.SR},
       adsurl = {https://ui.adsabs.harvard.edu/abs/2019A&A...621A..35L},
      adsnote = {Provided by the SAO/NASA Astrophysics Data System}
}

@PROCEEDINGS{Stenflo1994,
		author = {{Stenflo}, J.},
        title = "{Solar Magnetic Fields: Polarized Radiation Diagnostics}",
    booktitle = {Astrophysics and Space Science Library},
         year = "1994",
       volume = {189},
        month = "Mar",
          doi = {10.1007/978-94-015-8246-9},
       adsurl = {https://ui.adsabs.harvard.edu/abs/1994ASSL..189.....S},
      adsnote = {Provided by the SAO/NASA Astrophysics Data System}
}

@proceedings {DKIST2014,
	title = {The DKIST First Light Instruments and Critical Science Program},
	volume = {9147},
	year = {2014},
	month = {07/2014},
	pages = {914707},
	publisher = {Proc SPIE},
	abstract = {<div class="pub-content">The Daniel K. Inouye Solar Telescope is a 4-meter-class all-reflecting telescope under construction on Haleakal{\={a}} mountain on the island of Maui, Hawai\&rsquo;i. When fully operational in 2019 it will be the world\&$\#$39;s largest solar telescope with wavelength coverage of 380 nm to 28 microns and advanced Adaptive Optics enabling the highest spatial resolution measurements of the solar atmosphere yet achieved. We review the first-generation DKIST instrument designs, select critical science program topics, and the operations and data handling and processing strategies to accomplish them.</div>},
	doi = {10.1117/12.2057038},
	url = {http://spie.org/Publications/Proceedings/Paper/10.1117/12.2057038},
	author = {David F. Elmore and Thomas R. Rimmele and Roberto Casini and Steve L. Hegwer and Jeff R. Kuhn and Haosheng Lin and Joseph P. McMullin and Kevin P. Reardon and Wolfgang Schmidt and Alexandra Tritschler and Friedrich W{\"o}ger}
}

@INPROCEEDINGS{DKIST2007,
   author = {{Tritschler}, A. and {Sankarasubramanian}, K. and {Rimmele}, T. and 
	{Gullixson}, C. and {Fletcher}, S.},
    title = "{Diffraction-limited Spectropolarimetry At The Dunn Solar Telescope}",
booktitle = {American Astronomical Society Meeting Abstracts \#210},
     year = 2007,
   series = {Bulletin of the American Astronomical Society},
   volume = 39,
    month = jul,
      eid = {26.03},
    pages = {323},
   adsurl = {https://ui.adsabs.harvard.edu/abs/2007AAS...210.2603T},
  adsnote = {Provided by the SAO/NASA Astrophysics Data System}
}

@INBOOK{Kubat2014,
       author = {{Kub{\'a}t}, Ji{\v{r}}{\'\i}},
        title = "{Basics of the NLTE Physics}",
     keywords = {Astrophysics - Solar and Stellar Astrophysics, Physics - Atomic Physics},
    booktitle = {Determination of Atmospheric Parameters of B-, A-, F- and G-Type Stars. Series: GeoPlanet: Earth and Planetary Sciences, ISBN: 978-3-319-06955-5. Springer International Publishing (Cham), Edited by Ewa Niemczura, Barry Smalley and Wojtek Pych, pp. 149-157},
         year = "2014",
        pages = {149-157},
          doi = {10.1007/978-3-319-06956-2_14},
       adsurl = {https://ui.adsabs.harvard.edu/abs/2014dapb.book..149K},
      adsnote = {Provided by the SAO/NASA Astrophysics Data System}
}










































% vim:ts=4:sw=4
